1889 3319
711 217 839 246 CAPUT
875 219 1071 247 Ti-:Rrimr
1550 206 1629 247 125

145 327 266 371 latea¹
292 330 335 370 et
361 327 491 384 Egle,
522 331 843 386 praetermisit.
876 331 958 374 Vix
986 332 1098 374 illud
1132 332 1187 374 de
1223 332 1407 375 Galatea
1442 332 1589 376 obiter
1618 347 1626 376 :

476 458 684 492 Candidior
704 461 848 501 cycniS,
867 461 1009 494 hedera
1028 461 1232 494 formosior
1252 461 1338 493 alba
1352 461 1375 491 ¹.

205 570 325 623 Quid
348 573 499 613 autem
533 571 634 613 ita?
673 571 791 614 Num
826 576 986 631 poetae
1026 574 1190 626 nostri,
1231 574 1275 615 in
1312 574 1631 631 perspicienda

143 640 485 700 pulchritudine
512 657 677 700 parum
704 644 1005 701 perspicacis,
1043 644 1251 686 sensibus
1292 649 1335 686 et
1368 645 1509 686 oculis
1550 644 1630 687 de-

144 712 283 754 fuisse
323 711 495 770 aliquid
537 713 909 769 conjiciendum?
949 715 1007 757 At
1047 715 1232 771 Vergilii
1280 716 1417 757 vitam
1473 730 1631 773 corpo-

144 797 362 841 reamque
390 783 592 840 indolem
619 799 707 826 non
737 785 843 827 satis
872 785 959 827 alte
988 786 1212 828 novimus.
1245 812 1301 818 --
1322 786 1391 828 An
1419 801 1526 827 vero
1555 801 1630 844 pa-

144 869 247 897 rum
290 854 431 897 ubere
479 855 662 910 ingenio
709 855 943 913 praeditus
997 857 1041 898 in
1091 856 1307 913 fingenda
1360 857 1630 915 sibimetipsi

140 940 441 983 personarum
471 941 655 969 suarum
693 926 841 969 forma
875 927 1129 969 credendus
1169 932 1235 970 est
1250 928 1268 968 ζ)
1308 928 1465 985 Neque
1500 928 1629 985 equi-

139 995 245 1039 dem
271 997 533 1052 negaverim
564 996 834 1053 Vergilium,
868 998 1109 1055 siquidem,
1141 1003 1189 1041 ut
1227 998 1432 1050 tradunt,
1475 1013 1630 1040 recon-

139 1067 232 1110 dita
259 1068 388 1125 quasi
416 1071 593 1120 natura,
625 1069 888 1126 tristiorque
915 1073 958 1111 et
976 1069 1277 1120 verecundus,
1298 1074 1356 1121 et,
1375 1096 1423 1100 —-
1450 1069 1514 1118 (ut
1532 1069 1630 1127 pul-

138 1138 297 1181 chrum
326 1137 672 1181 Ciceronianum
701 1140 974 1182 vocabulum
1011 1141 1267 1198 usurpem),
1303 1167 1359 1171 -—
1397 1140 1627 1197 solivagus

136 1209 235 1262 fuit,
265 1236 322 1241 —-—
348 1210 406 1252 ad
431 1211 649 1253 interiora
677 1212 839 1253 mentis
870 1212 1157 1269 potissimum
1191 1212 1465 1269 respexisse,
1511 1212 1625 1254 sicut

138 1284 182 1323 et
209 1280 368 1324 Gallici
395 1281 581 1339 quidam
610 1282 729 1324 soliti
758 1286 861 1324 sunt
893 1282 1054 1324 decimi
1084 1283 1262 1340 septimi
1291 1282 1456 1324 saeculi
1487 1283 1627 1340 scrip-

135 1352 302 1396 tores2.
340 1351 430 1396 Sed
470 1368 653 1395 causam
699 1354 832 1395 istam
866 1368 1047 1411 quoque
1085 1353 1299 1409 subjicio,
1332 1368 1447 1411 quae
1482 1354 1626 1409 magis

138 1423 289 1476 etiam,
335 1428 383 1467 ut
420 1425 598 1482 opinor,
641 1440 750 1467 vera
792 1429 859 1467 est
902 1439 910 1468 z
946 1451 1001 1455 —
1044 1425 1262 1480 Vergilio,
1306 1424 1458 1477 credo,
1505 1425 1627 1467 vide-

137 1494 273 1538 batur
312 1496 510 1554 plurima
555 1497 599 1538 in
640 1496 710 1538 his
750 1497 874 1538 vario
916 1497 1147 1538 variorum
1186 1496 1405 1538 lectorum
1440 1495 1626 1538 arbitrio

136 1581 234 1609 esse
294 1567 627 1625 permittenda,
687 1582 1080 1625 personarumque
1138 1582 1329 1625 corpore
1378 1582 1428 1609 ac
1479 1567 1627 1623 figura

134 1638 294 1696 primis
321 1639 639 1681 tantummodo
666 1639 797 1681 lineis
824 1655 846 1681 a
875 1643 1011 1697 poeta
1038 1639 1338 1690 adumbratis,
1361 1644 1511 1680 cetera
1529 1639 1625 1680 uni-

134 1710 296 1768 cuique
321 1709 379 1752 ad
406 1710 585 1752 libitum
616 1710 859 1769 supplendi
890 1710 1146 1752 libertatem
1176 1709 1562 1752 concedendan1³.

193 1781 292 1823 Non
319 1781 460 1837 igitur
486 1781 740 1840 perieulum
767 1782 852 1824 fuit
878 1797 933 1823 ne
976 1782 1021 1823 in
1062 1780 1280 1824 Camillae
1322 1779 1625 1823 describenda

133 1851 282 1894 forma
309 1853 444 1894 nimis
472 1853 807 1905 immoraretur,
839 1868 941 1895 cum
970 1856 1118 1895 tamen
1142 1853 1276 1910 plura
1302 1852 1356 1894 de
1373 1852 1449 1894 illa
1472 1851 1624 1894 dicere

133 1938 271 1981 quam
298 1923 354 1966 de
381 1924 481 1982 ipsa
507 1924 682 1966 Didone
710 1924 923 1967 idoneum
953 1924 1194 1966 censuerit.
1228 1922 1317 1966 Sed
1347 1938 1399 1965 ea
1438 1922 1623 1965 demum

132 1994 242 2037 dicit
269 2010 386 2053 quae
421 1998 654 2038 strenuam
695 1995 918 2051 virginem
960 1995 1182 2045 deceant;
1221 2009 1310 2036 non
1345 1994 1462 2041 illos,
1506 2009 1622 2052 quae

133 2066 279 2109 solent
301 2066 425 2125 apud
441 2067 633 2110 feminas
661 2066 854 2115 laudari,
885 2067 1082 2124 lepores,
1114 2066 1313 2108 colorem
1342 2066 1527 2117 scilicet,
1547 2068 1624 2108 aut

130 2137 300 2191 oculos,
343 2141 421 2180 aut
459 2138 672 2191 collum&
717 2137 950 2195 (lepingit;
1004 2137 1192 2195 (quippe
1237 2137 1309 2178 oui
1349 2141 1392 2179 et
1431 2136 1622 2178 nimium

170 2267 200 2299 1.
221 2267 297 2300 Ecl.
320 2267 388 2307 VII,
409 2267 460 2298 38.

169 2315 199 2347 2.
222 2315 276 2346 Sic
293 2315 324 2345 in
346 2315 562 2355 pulcherrima
583 2314 636 2344 illa
669 2315 812 2345 fictarum
845 2313 996 2349 omnium,
1018 2323 1100 2353 quae
1123 2316 1197 2343 tunc
1219 2313 1348 2353 quidem
1371 2313 1508 2353 scriptae
1531 2315 1616 2351 sunt,

127 2363 360 2401 narrationum,
382 2363 433 2393 cni
451 2362 564 2393 titulus
586 2362 773 2392 inscribitur
795 2361 828 2392 Ia
852 2361 1028 2391 Primesse
1052 2360 1093 2391 de
1116 2360 1241 2393 Cleves.
1266 2361 1343 2390 nihil
1367 2360 1406 2390 ‹le
1435 2360 1528 2390 amati
1558 2360 1618 2390 viri

128 2410 327 2450 amantisque
349 2410 495 2441 mulieris
516 2410 617 2440 forma
637 2410 795 2445 novimus,
813 2409 874 2439 nisi
898 2408 1117 2439 tantummodo
1139 2408 1319 2438 istiusmodi
1341 2407 1497 2447 quaedam
1517 2417 1523 2437 2
1541 2421 1554 2434 κ
1578 2407 1620 2438 Ce

123 2456 245 2497 prince
261 2457 349 2487 e‘taz't
365 2457 620 2497 parfaitemenl
643 2456 717 2486 bien
747 2456 859 2495 fait...
886 2454 1174 2486 calmirahlement
1201 2454 1275 2485 bien
1307 2455 1417 2494 fait...
1449 2453 1480 2484 Il
1510 2456 1621 2494 parnt

128 2502 222 2534 alors
241 2506 262 2535 ιὶ
283 2503 318 2534 la
340 2504 431 2535 Com·
451 2514 514 2534 une
536 2503 661 2534 beaute
676 2503 736 2545 qni
756 2503 868 2534 altit-a
890 2501 938 2533 les·
957 2511 1049 2542 yena-
1072 2502 1114 2532 (Ie
1133 2504 1208 2532 toul
1227 2501 1256 2532 le
1274 2501 1396 2531 monde
1416 2503 1448 2531 el
1464 2500 1528 2531 l’on
1547 2501 1621 2531 cloil

128 2553 237 2582 croire
257 2561 322 2592 que
341 2551 461 2582 c'elccz't
483 2562 547 2582 une
572 2551 698 2582 beaute
713 2551 880 2590 parfaile,
903 2552 994 2580 ete...
1024 2549 1071 2579 La
1104 2548 1293 2579 blanclzem·
1321 2548 1363 2579 (Ie
1391 2558 1450 2578 son
1480 2548 1567 2578 leitil
1588 2549 1621 2577 et

127 2608 179 2630 ses
199 2597 349 2630 cheveux
371 2598 492 2630 hlonds
513 2598 564 2629 lui
583 2598 774 2629 ‹lonnaienz
794 2608 837 2627 un
859 2596 948 2628 ecla(
970 2606 1035 2637 qne
1056 2596 1121 2626 l'on
1144 2596 1202 2627 n'a
1218 2597 1357 2637 jamnis
1373 2606 1413 2626 ru
1435 2595 1516 2636 qu'a
1538 2594 1602 2625 elle
1612 2605 1622 2627 .-

128 2647 204 2677 tous
223 2655 275 2677 ses
295 2647 398 2677 traits
418 2647 549 2677 etaient
567 2645 737 2687 re'gyzcliel‘s
753 2648 785 2676 et
805 2655 864 2676 son
888 2646 1003 2686 oisaye
1033 2646 1064 2675 et
1086 2654 1124 2674 sa
1154 2654 1320 2684 personne
1349 2643 1479 2674 etaient
1509 2641 1621 2683 pleim-

127 2692 170 2724 de
187 2695 289 2735 yrcice
309 2695 342 2725 et
363 2694 404 2725 cle
421 2694 570 2724 clim-me.
600 2707 612 2719 »ι

164 2740 195 2771 3.
218 2740 350 2772 Veneris
371 2741 473 2781 ipsius
498 2741 675 2780 vergiliana
695 2739 869 2779 descriptio
892 2738 1001 2769 brevis
1022 2741 1070 2769 est
1092 2738 1202 2777 (Arm.
1225 2738 1249 2775 l,
1266 2737 1326 2769 314
1348 2747 1432 2777 sqq„
1455 2737 1514 2767 402
1531 2737 1617 2777 sqq.)

125 2805 166 2810 —
187 2788 292 2828 Atque
314 2789 345 2819 in
369 2788 428 2819 hoc
449 2798 574 2828 quoque
598 2789 638 2817 ab
660 2787 889 2817 Alexandrinis
914 2786 1076 2825 sapienter
1106 2785 1246 2816 discedit
1270 2785 1448 2825 Vergilius,
1478 2784 1518 2814 de
1541 2785 1618 2824 qni-

126 2834 187 2866 bus
209 2845 238 2867 v.
259 2834 374 2873 Coum,
396 2846 448 2876 op.
472 2836 540 2872 cit,
564 2845 593 2874 p.
620 2835 689 2866 151.

169 2882 199 2912 4.
224 2882 454 2913 Tantummodo
477 2884 507 2913 in
531 2883 614 2913 Aen.
641 2882 707 2919 Vll,
733 2881 804 2917 815,
829 2895 841 2907 ιι
868 2881 954 2911 lox-e>-
976 2880 1124 2910 humeros
1149 2894 1161 2906 »
1185 2879 1335 2910 Camillae
1349 2879 1616 2920 poctadesignnt.

126 2947 167 2954 -
186 2930 266 2962 Mire
286 2934 392 2962 autem
412 2931 547 2962 robusta
569 2930 702 2961 Camilla
724 2939 743 2959 a
763 2929 902 2970 pueritia
918 2928 998 2958 suit:
1021 2928 1063 2960 cf.
1085 2927 1139 2965 XI,
1162 2927 1234 2960 574.
