1889 3319
690 205 817 235 CAPUT
852 206 1079 236 SECUNDUM.
1550 192 1627 233 111

146 321 263 379 regii
288 321 497 379 gynaecii
524 321 702 363 silentio
741 336 831 364 non
873 322 1157 378 significatur
1195 321 1451 364 umbratilis
1489 335 1628 379 quae-

147 394 253 436 dam
272 396 459 451 pacatae
494 392 610 435 vitae
640 393 967 451 tranquillitas,
999 393 1078 436 sed
1105 394 1181 436 ille
1215 393 1345 451 quasi
1380 393 1529 435 minax
1565 406 1632 434 se-

146 479 315 518 cessus,
346 479 436 522 quo
471 463 596 506 ferox
625 464 790 522 aliquis
831 466 1025 517 animus,
1068 465 1113 507 in
1154 479 1251 508 sese
1290 464 1552 522 1¹eplicat11S‚
1584 466 1632 505 ut

146 537 210 579 ita
235 536 400 589 dicam,
429 535 555 588 latet9
582 538 632 578 ut
658 539 983 594 prorupturam
1015 550 1153 594 quam
1194 536 1330 578 sentit
1369 535 1630 577 violentiam

148 607 220 651 vel
245 607 476 650 tantillum
512 607 762 665 reprimere
797 611 998 660 conetur,
1028 608 1100 650 vel
1138 607 1288 665 potius
1324 606 1453 649 novis
1493 606 1630 648 armis

120 678 388 722 ‘commode
430 678 656 721 instruere
697 679 855 737 possit.
896 679 952 721 Et
993 694 1100 721 sane
1135 679 1345 721 Amatam
1381 678 1426 719 in
1455 692 1506 719 eo
1535 680 1632 719 tan-

148 749 385 794 tummodo
425 753 692 808 occupatam
725 750 856 792 nobis
896 750 1093 793 ostendit
1120 749 1369 806 Vergilius,
1403 752 1449 791 nt
1490 748 1632 790 recol-

149 821 289 864 lectas
316 821 484 864 doloris
509 836 822 879 quascumque
850 836 1008 864 causas
1042 822 1193 863 animo
1221 821 1532 863 indesinenter
1559 835 1631 862 re-

148 896 324 946 tractet,
355 896 399 935 et
425 893 641 951 quoniam
668 892 723 934 ad
752 892 966 934 alendum
990 893 1084 934 irae
1111 907 1218 934 suae
1246 891 1506 934 incendium
1534 906 1629 933 mn—

145 964 340 1007 liebrein
392 964 638 1006 sollertiam
690 968 898 1006 accurate
944 964 1210 1022 insumpsit,
1256 964 1493 1005 minimum
1534 963 1629 1006 sine

147 1035 287 1078 dubio
313 1035 521 1078 Alectoni
547 1035 775 1090 agendum
803 1039 1011 1093 superest
1028 1038 1054 1078 ¹.

207 1107 334 1160 Quae
362 1110 530 1160 autem,
555 1121 646 1164 qua
673 1107 745 1148 via
772 1106 1028 1149 efferandae
1056 1107 1242 1162 reginae
1269 1105 1475 1163 perficiat
1497 1119 1627 1163 opus,

145 1179 199 1223 iis
225 1178 379 1221 verbis
407 1178 682 1220 describitur
703 1193 729 1220 a
753 1182 887 1236 poeta,
915 1178 1080 1236 quibus
1107 1178 1238 1220 facile
1276 1178 1375 1235 quis
1413 1180 1631 1233 agnoscat

146 1265 387 1308 corporea,
436 1264 552 1308 quae
587 1249 733 1291 solent
766 1264 863 1292 esse
903 1250 1199 1291 veliementer
1227 1248 1626 1299 stomachantium,

145 1322 290 1378 signa.
325 1321 578 1377 Vergilium
616 1320 741 1363 dicas
768 1321 922 1363 divino
959 1321 1031 1363 isti
1067 1321 1285 1363 miraculo
1323 1334 1460 1377 quam
1488 1318 1631 1363 simil-

145 1393 302 1435 limam
341 1392 548 1435 humanis
590 1392 843 1434 adfectibus
883 1392 1083 1449 speciem
1118 1391 1328 1444 induere,
1371 1391 1431 1433 ita
1473 1393 1522 1432 ut
1559 1390 1631 1432 vel

148 1482 168 1504 «
199 1464 305 1507 ficta
334 1483 353 1503 »
383 1491 439 1496 —-
467 1465 606 1507 veluti
642 1464 739 1506 vult
766 1464 1002 1516 Horatius,
1039 1489 1092 1494 —-
1132 1481 1151 1504 c<
1189 1464 1277 1505 sint
1314 1463 1518 1520 proxima
1554 1477 1631 1504 ve-

145 1535 207 1577 ris
229 1535 257 1577 ².
292 1554 311 1574 »

202 1675 306 1706 neque
327 1676 361 1696 se
379 1666 453 1696 dum
472 1675 567 1697 curae
590 1666 661 1696 illae
677 1669 728 1696 aut
749 1666 813 1695 irae
829 1666 1151 1696 manifestaverunt...
1171 1677 1184 1690 »ι
1208 1664 1338 1693 Ηιςγκιῑῑ
1363 1677 1376 1691 «
1451 1663 1495 1693 De
1517 1663 1632 1693 solitu-

144 1714 217 1744 dine
242 1717 291 1744 est
311 1714 533 1753 accipiendum
555 1723 636 1754 quae
654 1723 813 1744 cumcura
833 1716 863 1743 et
878 1713 989 1743 dolore
1009 1713 1124 1743 mentis
1143 1713 1238 1742 tacito
1254 1711 1334 1741 bene
1356 1711 1515 1741 convenit.
1542 1722 1555 1737 »
1578 1710 1631 1741 Sic

144 1761 210 1792 sere
231 1761 366 1799 KAppas,
387 1761 521 1792 anois'r
549 1765 580 1792 et
602 1761 768 1792 Foafflcssn.
797 1761 1077 1800 Supervacaneum
1099 1770 1170 1790 esse
1191 1762 1302 1790 censet
1326 1759 1447 1797 Hexm‘,
1468 1757 1507 1788 de
1528 1760 1631 1788 mente

143 1809 274 1849 reginae
291 1809 460 1849 quicquam
477 1809 505 1839 iu
528 1809 587 1839 hoc
609 1818 701 1839 versu
725 1809 957 1848 praenuntiari.
977 1818 1045 1839 rum
1067 1808 1193 1838 duobus
1215 1806 1460 1847 insequentibus
1483 1805 1632 1835 versibus

145 1856 185 1887 ad
200 1856 232 1886 id
251 1855 412 1895 Vergilius
433 1866 562 1896 operam
582 1856 756 1896 impendat.
774 1856 891 1886 Verum
918 1856 948 1886 id
976 1859 1024 1886 est
1045 1855 1208 1895 peritioris
1232 1856 1386 1894 cujusque
1405 1852 1535 1883 dicendi
1556 1853 1633 1882 arti-

145 1903 231 1942 ficis,
251 1904 409 1944 quaedam
429 1904 527 1934 verba
547 1904 639 1944 quasi
665 1904 807 1943 praevia,
832 1904 960 1934 lectoris
982 1905 1119 1934 animum
1142 1906 1388 1942 praeparatura,
1411 1901 1629 1940 praemittere.

144 1951 182 1982 Et
201 1951 315 1982 crebro
337 1951 498 1991 Vergilius
519 1962 555 1982 ea
575 1953 674 1982 verba
706 1954 855 1991 usurpat,
877 1952 996 1992 quilius
1017 1951 1080 1982 duo
1102 1952 1151 1981 vel
1176 1951 1285 1990 plures
1307 1959 1421 1979 sensus
1444 1958 1505 1979 una
1525 1948 1631 1979 conti-

144 2001 270 2037 nentur,
291 1999 408 2039 quique
425 1999 491 2029 sive
515 2000 657 2039 proprie,
675 2000 743 2029 sive
760 2000 891 2039 ligur-ate
908 2002 1042 2039 possunt
1057 1999 1196 2039 intellegi
1215 2007 1220 2027 :
1238 1998 1277 2029 cs.
1301 1998 1395 2034 infra,
1415 1996 1457 2027 de
1471 1996 1629 2033 Lavinia,

115 2071 118 2073 Α
144 2046 177 2076 in
196 2056 227 2078 v.
250 2046 317 2083 Vll,
339 2046 380 2076 52
402 2055 408 2076 :
433 2046 507 2077 Sola
528 2047 655 2077 domum
680 2050 710 2077 et
730 2049 834 2077 tantas
853 2046 1012 2077 servabat
1034 2047 1097 2076 tilia
1119 2046 1226 2078 sedes.

187 2094 214 2125 1.
236 2093 304 2133 VH,
331 2093 392 2124 345
414 2104 420 2124 :
444 2095 622 2125 Femineae
648 2094 826 2125 ardenlem
859 2104 1030 2135 curaeque
1063 2095 1205 2134 iraeque
1235 2091 1438 2134 coquebant.
1458 2110 1496 2114 —
1522 2092 1627 2123 Axos.

143 2142 228 2182 apud
250 2141 346 2173 Seav.
370 2150 377 2171 :
399 2143 590 2182 coquebant,
616 2143 834 2173 macerabant.
869 2159 907 2162 -
942 2142 1119 2172 Ctmixaiox
1145 2151 1151 2171 t
1183 2142 1420 2172 inflammabant
1441 2156 1453 2168 a
1475 2140 1630 2181 perhaps

144 2189 227 2220 with
248 2189 425 2230 afarlher
446 2190 561 2221 ηοίὶοη
585 2191 626 2230 of
642 2190 827 2231 assitalion.
854 2202 867 2216 υ
889 2189 1042 2220 Neutrum
1074 2198 1183 2219 verum
1211 2189 1362 2219 arbitror.
1390 2189 1453 2219 Hoc
1476 2197 1569 2218 verso
1588 2188 1629 2218 si—

142 2237 313 2277 gnificatur
332 2238 428 2275 lenta,
450 2240 482 2268 ut
503 2238 546 2268 ita
567 2238 683 2275 dicam,
700 2238 880 2268 combustio
905 2236 976 2276 foci,
996 2237 1045 2267 cui
1067 2236 1184 2268 alendo
1199 2236 1418 2267 indesinenter
1439 2236 1556 2276 aliquis
1577 2236 1629 2266 in-

143 2283 265 2325 vigilat.
288 2284 357 2316 Non
379 2285 429 2316 liic
457 2285 548 2315 Ennii
572 2295 698 2316 versum
726 2285 820 2326 (apud
843 2285 921 2322 (lna,
946 2285 993 2315 De
1021 2284 1171 2321 Seneca,
1194 2284 1218 2321 l)
1244 2297 1257 2311 α
1281 2293 1362 2323 quae
1389 2293 1465 2313 cura
1492 2292 1575 2313 nunc
1598 2285 1628 2312 te

141 2332 258 2373 coquit
277 2334 310 2363 et
329 2335 484 2365 versat...
510 2346 523 2359 >1
546 2333 714 2364 memorari
736 2333 885 2372 prodest,
909 2332 965 2362 sed
987 2332 1074 2362 illum
1100 2332 1223 2367 Plauti,
1246 2341 1339 2371 quem
1363 2330 1550 2361 Narrrssmp
1573 2330 1628 2361 ad-

146 2378 205 2409 fert
225 2388 232 2409 :
254 2393 269 2408 «
292 2380 422 2420 Egomet
444 2389 492 2411 me
514 2390 621 2421 coquo
641 2382 673 2411 et
695 2389 829 2411 macero
851 2381 882 2410 el
906 2380 1076 2420 ‹lefalissa
1102 2392 1115 2406 »
1144 2378 1266 2418 <Ti-in„
1289 2378 1374 2418 225.)

183 2426 214 2458 2.
237 2426 284 2459 Cf.
308 2427 408 2466 Aen„
430 2428 497 2467 Vll,
519 2427 580 2458 3¹19
603 2437 610 2458 2

442 2510 491 2538 Ille
509 2511 584 2537 inter
606 2514 701 2537 vestes
723 2513 750 2536 et
769 2511 846 2536 levia
865 2513 980 2544 pectora
1001 2509 1114 2543 lapsuS,

442 2552 572 2579 volvitur
590 2555 706 2579 attactu
723 2552 818 2584 nullo,
833 2552 976 2585 fallitque
997 2552 1168 2584 furentem,

442 2595 600 2628 vipeream
616 2594 782 2627 inspirans
796 2594 959 2625 am'mam‚-
974 2592 1004 2618 fit
1021 2593 1124 2619 tortile
1144 2593 1220 2619 collo

442 2644 547 2663 aurum
569 2635 671 2670 ingens
689 2635 824 2667 coluber;
844 2634 874 2660 sit
894 2634 994 2669 longae
1017 2634 1111 2661 taenia
1128 2635 1227 2669 vittae,

441 2678 632 2711 innectitque
649 2685 761 2707 comas,
783 2680 812 2703 et
832 2676 978 2702 membris
1000 2675 1131 2702 lubricus
1148 2679 1248 2703 errat.

143 2760 260 2792 Nescio
271 2770 310 2792 an
325 2762 419 2792 nimis
435 2762 555 2792 minuta
570 2762 673 2792 sutura
689 2761 729 2791 sit
743 2763 773 2791 et
786 2760 896 2800 putida
908 2760 1185 2790 commentationis
1198 2760 1383 2800 exquisitio,
1399 2760 1423 2790 si
1437 2759 1628 2799 conjecerim

144 2808 204 2839 sub
223 2808 284 2839 ista
303 2818 527 2849 corporearum
547 2818 650 2839 rerum
672 2809 888 2848 descriptione
910 2808 1008 2838 latere
1030 2807 1195 2838 moralium
1211 2808 1449 2838 similitudinem
1470 2808 1628 2847 quandam

143 2858 175 2887 et
189 2856 287 2887 veluti
307 2854 517 2898 ἀλληγορίαν.
535 2857 616 2887 Nam
636 2856 738 2893 initio,
756 2856 816 2885 nisi
837 2856 939 2894 fallor,
956 2855 1124 2895 tripliciter
1140 2855 1260 2886 indicat
1274 2854 1449 2894 Vergilius,
1466 2855 1628 2895 quomodo

142 2902 231 2934 nasci
252 2903 353 2935 soleat
373 2904 405 2935 in
423 2904 528 2935 animo
549 2903 692 2944 cujusvis
713 2903 772 2943 ira,
789 2903 924 2934 latenter
944 2902 1081 2941 scilicet,
1099 2902 1142 2933 ita
1165 2905 1209 2941 ut,
1232 2902 1328 2933 irasci
1342 2902 1546 2942 incipientes,
1563 2902 1630 2933 irae
