1889 3319
646 210 774 240 CAPUT
809 210 1038 241 SECUNDUM.
1533 189 1587 232 37

106 329 247 372 tristis
275 331 486 387 apparet;
512 342 656 385 eaque
684 328 785 386 ipsa
806 327 962 379 verba,
990 341 1105 384 quae
1132 324 1258 367 illam
1282 323 1435 380 eloqui
1455 324 1591 379 poeta

107 398 252 455 fingit,
296 399 359 441 ita
396 413 584 457 prorsus
632 399 856 456 exquisita
893 396 1179 440 concinnavit
1219 398 1266 437 ut
1306 393 1590 436 subobscuro

109 470 309 528 quodam
352 469 664 527 languidoque
705 469 854 511 colore
894 468 1035 511 nostri
1072 467 1330 509 inficiantur
1371 463 1504 514 oculi,
1547 466 1590 502 et

110 541 274 584 surdus
300 541 452 583 nescio
480 541 581 597 quis
610 539 911 582 subaudiatur
936 538 1174 595 gemitus¹.

167 613 332 666 Potuit,
371 612 491 664 volo,
542 611 812 668 byzantinus
852 610 1101 653 monachus
1144 609 1220 651 ille
1271 607 1470 658 Tzetzes,
1512 603 1591 662 qui

108 684 353 743 praecipue
388 697 576 739 graecos
605 687 763 741 poetas
797 682 1002 738 legebat,
1034 678 1402 723 Andromacham
1430 688 1590 734 quam—

110 756 216 798 dam
267 755 353 797 sibi
403 753 577 810 fingere
619 772 638 793 «
692 753 914 806 vividam,
961 766 1192 809 genasque
1239 749 1485 792 habentem
1536 745 1594 787 ri-

109 826 313 871 dentes?
347 844 367 865 »
396 825 488 868 Nos
515 840 623 868 vero
655 823 1025 868 Andromacham
1057 823 1286 865 nobismet
1316 820 1426 878 ipsis
1466 817 1596 860 aliter

109 891 455 956 repraesentare
481 912 573 940 non
600 909 859 955 possumus,
892 896 977 937 nisi
994 894 1230 953 pallidam,
1256 890 1442 947 lugubri
1471 891 1594 930 veste

108 969 337 1022 indutam,
379 969 668 1021 emaciatam,
701 967 908 1010 demissis
931 966 1089 1019 oeulis,
1121 965 1320 1007 demissa
1357 976 1481 1004 voce.
1520 959 1597 1001 At-

110 1046 199 1099 qu'e
220 1041 307 1084 ista
332 1039 521 1092 flebilis,
543 1054 659 1098 quae
681 1043 964 1097 propagatur
977 1038 1021 1079 in
1041 1050 1219 1088 aevum,
1242 1035 1412 1089 imago,
1436 1030 1597 1086 Vergi—

93 1112 257 1166 ,lianae
278 1112 549 1171 praesertim
568 1109 918 1153 Andromachae
935 1109 948 1130 ³
976 1109 1129 1164 imago
1157 1111 1239 1150 est.

152 1267 180 1299 1.
205 1266 275 1297 Vid.
298 1266 487 1307 praesertim
506 1266 605 1303 Aen„
627 1265 679 1303 III,
701 1264 851 1301 320-324,
873 1262 1026 1302 337-3'13,
1048 1261 1198 1295 485-491.
1221 1260 1269 1291 Ad
1289 1259 1374 1301 quod
1392 1257 1597 1290 efficiendum

110 1314 264 1346 incertior
281 1314 454 1355 ahquando
473 1314 564 1344 verbi
585 1313 750 1352 cujusdam
770 1322 885 1343 sensus
906 1312 1029 1342 confert
1052 1320 1058 1340 z
1088 1323 1102 1337 α
1132 1313 1162 1340 et
1190 1308 1330 1350 lonyum
1350 1304 1595 1337 Andromachae

110 1364 269 1393 testentur
286 1370 436 1392 amorem.
462 1374 476 1389 υ
497 1379 536 1384 —-
557 1360 656 1398 Quem
677 1360 805 1400 quidem
826 1368 956 1390 versum
976 1359 1037 1389 alio
1062 1357 1154 1388 modo
1179 1356 1232 1387 alii
1253 1355 1440 1395 explanant.

153 1409 183 1442 2.
207 1409 339 1440 szzss
358 1407 639 1448 (Posthomerz'ca,
669 1406 828 1447 368-369)
852 1416 858 1437 :
886 1404 1101 1447 Ἀνδρομάχη
1123 1402 1197 1441 δ’ὡς
1228 1404 1334 1438 αὔτως
1355 1402 1390 1442 (i.
1419 1410 1447 1432 e.
1472 1399 1598 1442 ἥσυχος

113 1459 264 1497 tanquam
282 1456 425 1497 Hecuba)
438 1456 540 1498 γοργὴ
562 1452 647 1495 δ’τῖν,
667 1453 833 1496 μεσοήλιξ,

441 1549 630 1592 Μάκροψις,
652 1549 829 1592 χαρίεσσα,
852 1548 978 1590 παρήϊα
999 1546 1099 1589 δἐἷχε
1118 1549 1274 1588 γελῶντα.

155 1646 202 1678 Cf.
223 1646 368 1678 Isaacum
390 1646 712 1682 Ponpmvaoonxswn,
736 1645 767 1674 in
784 1643 938 1684 opusculo
959 1643 1042 1684 Περὶ
1063 1648 1126 1674 τῶν
1150 1641 1427 1682 καταλειφθέντων
1450 1636 1513 1672 ὐπὸ
1542 1642 1599 1670 τοῦ

118 1693 281 1736 Ὁμήρου,
303 1693 481 1725 Pornnoxis
503 1691 822 1724 Declcmmcionibus
842 1691 882 1722 ab
905 1691 941 1721 H.
968 1691 1068 1721 Hixca
1089 1690 1186 1720 editis
1206 1689 1368 1729 adjuncto,
1389 1698 1419 1728 p.
1441 1686 1492 1717 86.

157 1740 205 1774 Cf.
223 1741 262 1772 de
278 1741 523 1772 Andromachae
544 1741 628 1771 tristi
649 1739 771 1778 habitu,
796 1738 945 1777 Ovmnni,
964 1739 1005 1770 Α.
1025 1736 1389 1774 am.,IH;PArsAx1.m,
1409 1735 1430 1767 1.
1447 1734 1488 1772 X,
1507 1743 1534 1764 c.
1548 1733 1599 1770 25,

114 1789 204 1828 9-10,
226 1793 257 1821 et
274 1789 427 1820 DARETEM
449 1789 631 1826 Pnaromn,
655 1787 692 1818 12
718 1797 724 1817 :
749 1801 763 1815 ι(
787 1786 1044 1817 Andromacham
1066 1785 1167 1816 oculis
1190 1784 1299 1822 claris,
1323 1783 1504 1821 candidam,
1531 1782 1603 1812 lon—

115 1845 198 1877 gam,
221 1835 404 1875 formosam,
425 1836 614 1872 modestam,
638 1835 827 1874 sapientem,
850 1834 1012 1873 pudicam,
1035 1831 1198 1863 blandam.
1226 1844 1240 1857 »
1261 1848 1302 1854 —
1323 1830 1370 1861 Cf.
1398 1830 1438 1860 de
1468 1828 1601 1859 Andro-

114 1883 247 1914 machae
266 1884 299 1914 in
319 1884 460 1924 antiquis
480 1882 693 1913 monumentis
716 1882 828 1921 figura,
852 1880 1107 1918 XlecKEinaxx,
1129 1880 1217 1909 Mon.
1241 1878 1347 1915 ined.,
1367 1883 1421 1907 nos
1437 1875 1508 1915 135,
1529 1875 1600 1912 137,

115 1934 196 1970 etc.;
217 1931 345 1969 Mimm,
366 1940 445 1970 eLv3
469 1931 581 1968 BIRCH‚
604 1930 751 1961 Ancient
771 1929 925 1969 Pottery,
948 1938 979 1967 p.
998 1928 1070 1965 208,
1089 1927 1162 1964 314,
1185 1930 1245 1958 etc.

157 1978 189 2011 3.
211 1992 226 2007 «
252 1979 446 2010 Praesertim
474 1991 488 2006 »
510 1979 651 2018 inquam,
673 1977 832 2017 quiajam
856 1977 887 2006 in
916 1975 1026 2006 Iliade
1051 1974 1164 2015 (XXII,
1193 1973 1264 2011 742,
1292 1973 1364 2012 745)
1383 1974 1520 2013 quantus
1537 1971 1603 2002 An-

120 2025 315 2058 dromachae
334 2026 440 2065 dolor,
461 2034 620 2066 quamque
641 2025 724 2055 altus
747 2024 788 2054 sit
808 2033 845 2054 ac
865 2023 919 2053 diu
940 2032 1111 2054 mansurus
1132 2021 1372 2053 subindicatum
1392 2023 1440 2050 est
1463 2029 1469 2049 :

533 2121 607 2161 ἐμοὶ
629 2121 661 2153 δὲ
677 2119 817 2161 μάλιστα
836 2116 1017 2159 λελείψεται
1040 2117 1138 2158 ἄλγεα
1157 2115 1272 2158 λυγρά,

600 2164 719 2204 νύκτας
740 2179 773 2198 τε
793 2167 851 2198 καὶ
871 2164 982 2206 ἤματα
1003 2164 1246 2206 δακρυχέουσα.

164 2263 326 2306 Vergilius
346 2263 483 2305 perfecit
502 2263 674 2304 imaginem
695 2262 734 2292 ab
757 2261 894 2292 Homero
916 2269 977 2291 una
998 2259 1214 2290 tantummodo
1234 2258 1320 2288 linea
1339 2257 1551 2297 designatam.
