1889 3319
637 224 766 255 CAPUT
801 221 998 261 QU1NTUM.
1484 203 1567 251 139

598 341 668 375 Cui
691 348 832 382 parvus
852 339 973 379 IuluS,

248 394 310 427 cui
330 396 439 436 pater
458 396 496 427 et
514 395 696 436 conjunx,
716 393 935 435 quondam¹
952 395 1019 425 tua
1042 391 1157 432 dicta,
1175 390 1403 432 relinquor?

140 507 208 551 Ea
232 510 337 550 sunt
362 523 478 565 quae
506 508 710 566 profecto
740 507 900 551 fidenti
931 521 1096 565 parum
1131 506 1282 548 animo
1315 519 1463 563 neque
1493 519 1570 548 au-

81 578 182 623 daci
209 593 318 621 voce
344 579 562 637 proferat,
593 580 724 637 quasi
751 583 873 622 certo
910 578 1172 637 praesagiat
1210 577 1306 619 fore
1344 580 1394 618 ut
1432 575 1570 634 paulo

80 653 183 708 post
209 649 461 701 deseratur,
491 650 554 693 ita
592 655 640 692 ut
675 651 771 706 jam
811 665 930 693 nunc
970 650 1154 691 Aeneae
1193 649 1265 690 vix
1305 648 1450 706 possit
1487 662 1571 689 no-

78 721 243 764 minari
280 736 406 764 uxor.
449 721 605 777 Longe
641 722 795 764 hercle
835 725 964 764 ‘secus
1003 720 1326 763 Andromacha
1361 719 1419 762 ad
1458 718 1573 761 Hec-

79 792 257 835 torem²
300 805 309 836 t
351 811 371 832 «
411 792 479 835 Tu
515 793 627 835 mihi
665 798 708 836 et
743 797 874 851 pater
909 808 971 845 es,
1011 792 1196 846 Hector,
1233 796 1276 834 et
1310 790 1574 852 veneranda

79 868 240 916 mater,
271 867 315 907 et
338 863 495 915 frater,
520 863 781 922 florensque
810 865 1028 921 conjux...
1052 863 1087 906 Ο
1116 862 1324 905 miranda
1352 862 1569 920 profecto,

81 934 163 979 sed
199 935 342 978 nimia
374 938 418 977 et
456 934 736 992 imprudenti
770 935 1035 977 fortitudine
1069 934 1180 980 vir3.
1220 938 1263 975 te
1300 937 1379 975 tua
1413 933 1575 991 perdet

79 1005 239 1058 virtus,
282 1019 366 1048 nec
402 1009 446 1047 te
485 1006 672 1048 miseret
705 1006 979 1063 infamisque
1017 1005 1105 1054 tui,
1139 1005 1426 1062 miseraeque
1465 1005 1570 1056 mei,

82 1077 155 1119 cui
180 1076 284 1135 ipsi,
309 1079 354 1119 te
381 1075 638 1134 deperdito,
665 1077 827 1119 melius
847 1076 904 1118 sit
925 1075 1010 1118 sub
1038 1078 1206 1118 terrani
1230 1074 1524 1117 descendere.
1553 1094 1573 1114 »

84 1147 208 1190 Haec
234 1150 302 1190 est
326 1147 460 1189 firma
487 1148 680 1190 amantis
709 1152 752 1190 et
779 1150 956 1190 amatae
979 1147 1188 1202 conjugis
1204 1146 1371 1189 fiducia
1393 1158 1400 1189 :
1422 1146 1575 1189 flebile

86 1233 196 1262 vero
222 1219 376 1261 nescio
403 1217 530 1277 quid,
556 1218 898 1277 demissumque
928 1222 972 1260 et
997 1217 1216 1276 pax-idum
1245 1217 1442 1260 Creusae
1471 1232 1579 1276 que-

84 1290 206 1333 relae
234 1293 411 1333 sonant.

143 1361 232 1404 Iuli
273 1361 449 1404 interea
494 1379 514 1400 «
560 1375 738 1405 summo
796 1360 851 1403 de
903 1361 1071 1403 vertice
1121 1360 1361 1402 flammeus
1412 1361 1577 1403 emicat

87 1447 217 1491 apex,
255 1450 276 1472 »
320 1432 436 1475 Tum
475 1432 661 1487 demum
694 1431 893 1474 mirabili
931 1432 1101 1474 victum
1139 1431 1288 1473 omine
1324 1430 1574 1475 Anchisam

86 1518 281 1562 cumque
323 1503 414 1546 suis
455 1503 580 1546 abire
628 1503 724 1560 jam
771 1506 1062 1556 annuentem,
1113 1502 1320 1546 sublevat
1370 1502 1574 1548 humeris

85 1577 262 1619 Aeneas
290 1589 393 1618 cum
418 1574 489 1617 his
514 1575 666 1617 verbis
684 1575 696 1595 ³
727 1589 735 1618 :

126 1705 155 1738 1.
180 1705 264 1737 Aen.
285 1705 324 1745 ΙΙ,
347 1704 419 1738 678.
447 1705 494 1736 De
514 1705 610 1745 hujus
630 1705 720 1736 verbi
743 1719 756 1733 «
780 1705 939 1746 quondam
964 1718 977 1733 »
1001 1714 1096 1736 sensu
1131 1714 1195 1735 non
1216 1705 1294 1736 satis
1316 1707 1453 1736 constat.
1489 1704 1572 1737 Sen-

81 1763 151 1785 vws
172 1764 180 1786 :
204 1766 218 1782 «
244 1753 426 1792 Quondam
446 1758 500 1784 aut
520 1752 714 1794 aliqnando
736 1753 905 1793 significat,
930 1754 1021 1793 quasi
1043 1762 1127 1783 nunc
1161 1762 1242 1783 uxor
1270 1762 1334 1783 non
1357 1753 1398 1783 sit
1422 1762 1503 1793 quae
1523 1763 1572 1785 re-

77 1801 256 1842 linquitur;
277 1804 331 1832 aut
351 1804 436 1832 certe
463 1800 638 1842 quondam
664 1810 798 1841 semper
827 1801 999 1841 significat,
1029 1803 1062 1831 ut
1093 1801 1125 1831 in
1153 1800 1322 1841 Georgicis
1342 1801 1436 1839 <lIl,
1459 1801 1540 1838 99>
1562 1812 1569 1833 z

79 1862 94 1877 «
114 1851 146 1879 ut
165 1849 327 1889 quondam
343 1849 375 1879 in
387 1848 516 1888 stipulis
536 1856 672 1889 magnus
694 1849 763 1878 siue
784 1849 909 1878 viribus
931 1848 1025 1887 ignis,
1044 1860 1058 1875 υ
1075 1851 1105 1878 et
1125 1851 1173 1878 est
1190 1857 1196 1878 ε
1213 1862 1226 1876 «
1243 1857 1337 1888 quam
1353 1858 1479 1888 semper
1493 1859 1572 1880 con-

74 1897 185 1936 jugem
217 1896 401 1927 nominasti.
429 1908 443 1923 >1
475 1896 594 1926 Haberi
615 1896 698 1926 enim
719 1895 854 1936 quaevis
878 1898 1013 1935 poterat,
1043 1895 1201 1926 nominari
1228 1904 1291 1925 non
1313 1896 1374 1926 nisi
1402 1897 1532 1928 nobilis.
1554 1910 1569 1925 n

78 1943 194 1981 Harsa,
217 1943 385 1981 Semnum,
407 1943 540 1981 LERscu,
568 1942 760 1981 Comxerox,
789 1943 835 1973 sic
859 1942 1111 1982 interpretantur
1134 1951 1140 1972 ;
1164 1955 1177 1969 «
1202 1942 1266 1980 Ego
1286 1952 1367 1982 quae
1388 1943 1461 1973 olim
1483 1943 1570 1975 dicta

76 1990 167 2022 fuero
188 1994 241 2022 tua
260 1991 401 2030 conjunx
416 1990 447 2031 (I
462 1991 533 2021 who
554 2000 636 2021 once
656 1989 804 2032 enjoyetl
825 1989 875 2020 all
895 1999 914 2020 α
938 1988 1042 2029 chfe's
1057 1988 1224 2026 honours,
1238 1990 1440 2029 Coxixeroxff,
1458 1995 1570 2031 postea

74 2047 152 2069 vero
179 2038 298 2069 famula
317 2038 447 2078 captiva
468 2038 669 2078 appellabor.
691 2052 705 2065 υ
730 2038 789 2076 iij.
818 2038 954 2072 Lsflscn.
978 2037 1095 2078 Antiq.
1124 2036 1262 2078 Vergil„
1287 2037 1373 2077 237.)
1398 2038 1463 2078 Ego
1492 2048 1569 2070 vero

75 2085 333 2126 interpretationi
362 2095 457 2126 quarn
475 2086 614 2126 priorem
642 2086 904 2116 suliindicaverat
926 2084 1085 2121 Samus,
1110 2085 1250 2125 explicat
1269 2089 1374 2116 autem
1406 2086 1566 2123 Wffixfia,

76 2134 184 2174 potius
204 2133 391 2164 adsentiar:
409 2146 423 2161 «
442 2133 623 2172 Quondam
645 2134 760 2164 acerbo
782 2142 851 2163 cum
869 2132 981 2163 dolore
1000 2132 1224 2170 <dictum>,
1242 2133 1332 2173 quasi
1350 2134 1415 2173 jam
1435 2134 1569 2165 desierit

76 2190 148 2212 esse
169 2181 238 2221 ejus
260 2181 410 2221 conjunx,
424 2183 455 2211 et
474 2181 567 2221 quasi
582 2181 635 2212 ille
651 2181 779 2221 pristini
798 2181 917 2211 amoris
935 2180 1054 2210 oblitus
1068 2180 1118 2210 sit.
1138 2192 1152 2207 »
1169 2180 1217 2212 Cf.
1230 2180 1372 2218 Tlss[1,L.,
1386 2180 1437 2218 ΙΙΙ,
1461 2191 1479 2218 1,
1496 2181 1535 2212 ‘23
1557 2193 1564 2213 ε

77 2241 92 2257 α
115 2228 199 2259 Haec
229 2228 285 2259 tibi
312 2228 365 2259 vir
391 2227 581 2269 quondam,
611 2238 702 2259 nunc
726 2228 855 2269 frater,
881 2237 957 2258 cara
982 2227 1119 2265 Neaera,
1135 2228 1242 2259 Mittit.
1263 2241 1277 2255 »
1299 2228 1456 2259 Foassmnn
1481 2228 1566 2260 idem

78 2278 200 2308 censet.
222 2275 379 2306 Ennium
399 2275 580 2307 rectissime
601 2278 845 2316 comparaverat
865 2275 963 2311 Aen„
986 2274 1039 2312 IV,
1068 2273 1206 2305 323-324
1307 2275 1362 2306 Cui
1391 2285 1439 2306 me
1469 2277 1566 2307 mori-

78 2323 220 2354 bundam
252 2322 389 2358 deseris,
420 2322 566 2363 hospes?
604 2323 669 2353 Hoc
700 2323 804 2353 solum
834 2331 948 2353 nomen
972 2322 1122 2362 quoniam
1156 2322 1196 2353 de
1226 2323 1362 2363 conjuge
1388 2326 1499 2354 restat.
1526 2342 1565 2348 —

79 2369 171 2408 Quod
205 2373 347 2402 ceterum
380 2371 447 2411 jam
479 2371 597 2411 optime
628 2370 834 2403 intellexerat
866 2371 1043 2400 Axoxmirs
1078 2370 1163 2410 apud
1197 2370 1345 2401 Servium
1381 2381 1388 2401 ;
1427 2384 1441 2399 «
1474 2371 1564 2410 Quod

78 2422 267 2450 eventurum
280 2419 383 2456 timet,
406 2419 575 2459 quasijam
596 2419 778 2459 contigerit,
797 2417 904 2450 deflet.
929 2429 944 2446 »

107 2466 146 2502 2.
171 2464 292 2504 Iliad„
311 2465 365 2503 VI,
387 2465 448 2497 407
467 2475 539 2507 sqq.
564 2475 571 2496 :

361 2532 531 2572 Δαιμόνιε,
554 2530 655 2573 <peto-si.
672 2543 707 2563 σε
728 2531 763 2563 τὶ]
785 2531 842 2563 σὸν
865 2530 971 2571 μένος·
994 2528 1067 2564 οὐδ’
1088 2527 1242 2573 ἐλεαίρεις

362 2579 464 2612 παῖδά
484 2591 518 2611 τε
532 2578 697 2620 νηπίαχον
713 2579 771 2611 καὶ
792 2578 848 2616 ἔμ’
867 2578 1056 2619 ἄμμορον...

400 2635 404 2638 ’
659 2626 756 2667 Ἐμοὶ
777 2626 810 2659 δέ
837 2638 872 2658 κε
890 2626 1016 2667 κέρδιον
1038 2626 1086 2665 εἴη

360 2679 416 2708 σεῦ
438 2670 679 2716 ἀφαμαρτούσῃ
702 2675 805 2715 χθόνα
823 2670 997 2711 δύμεναι...

361 2721 498 2762 ''E-arcp,
521 2718 602 2761 ἀτὰρ
628 2718 668 2753 σύ
691 2720 744 2760 μοί
766 2720 837 2753 ἐσσι
861 2721 967 2762 πατὴρ
989 2721 1047 2753 καὶ
1067 2720 1182 2754 πότνια
1201 2720 1304 2762 μήτηρ

360 2764 417 2810 ἠδὲ
439 2769 647 2809 κασίγνητος,
669 2766 708 2801 σὺ
730 2768 763 2801 δὲ
784 2781 838 2810 μοι
859 2769 990 2809 Θαλερός
1008 2768 1223 2812 παρακοίτης.

113 2832 143 2866 3.
169 2833 227 2866 Hic
251 2833 381 2866 videtur
413 2844 484 2866 esse
513 2834 679 2874 multiplex
709 2834 800 2864 verbi
829 2835 976 2874 δαιμόνιε
1005 2843 1119 2865 sensus
1152 2835 1197 2875 (v.
1229 2834 1337 2866 Schol.
1368 2834 1388 2866 i.
1420 2834 1452 2867 h.
1482 2834 1502 2867 l.
1531 2837 1562 2868 et

73 2881 220 2920 Enstmo,
239 2882 385 2913 Lexicon
405 2880 638 2917 homericum).
661 2881 778 2912 Lenius
798 2881 944 2921 increpat
964 2880 1067 2912 virum
1087 2881 1325 2916 Andromacha.

115 2928 144 2960 4.
170 2930 268 2965 Aen,
292 2929 329 2966 11,
348 2928 410 2960 706
430 2939 499 2969 sqq.
518 2938 525 2967 ;
549 2928 700 2960 709-710.
