1889 3319
233 208 287 249 50
838 223 938 251 PARS
971 223 1108 251 Paion.

231 337 494 387 sessionem,
521 337 748 378 incessum
778 340 882 378 ante
909 336 1086 385 oculos,
1117 337 1247 394 quasi
1273 337 1509 390 fascinata,
1538 337 1714 379 habet'.

290 407 381 449 Nec
408 407 556 449 minus
583 407 858 464 improvisus
880 408 1307 465 inexspectatusque
1329 422 1457 450 amor
1471 407 1719 450 Ariadnam

231 477 432 520 invadit²
463 492 471 521 :

397 620 509 652 Hunc
531 619 647 652 simul
667 627 712 652 ac
735 619 874 661 cupido
895 620 1101 661 conspexit
1124 619 1270 653 lumine
1293 619 1403 661 virgo

395 667 568 708 Regia...

396 717 479 748 Non
501 715 604 755 prius
626 722 673 747 ex
695 714 758 747 illo
783 715 987 756 flagrantia
1009 714 1222 748 declinavit

394 762 567 801 Lumina,
590 770 707 804 quam
729 766 870 795 cuncto
892 762 1067 804 concepit
1088 766 1242 804 pectore
1262 763 1458 795 flammam

396 809 600 849 Funditus,
622 814 739 851 atque
764 811 854 843 imis
875 810 1021 843 exarsit
1043 813 1123 842 tota
1146 810 1372 843 medullis...

396 857 535 890 Sancte
556 866 661 899 puer,
685 858 789 890 curis
809 859 1013 890 hominum
1034 858 1100 899 qui
1122 857 1263 899 gaudia
1287 858 1440 894 misces,

398 907 580 946 Quaeque
601 906 703 946 regis
727 906 881 947 Golgos.
898 913 1072 946 quaeque
1091 905 1257 938 Idalium
1279 904 1518 944 frondosum,

396 952 582 993 Qualibus
602 953 799 986 incensam
816 953 994 995 jactastis
1014 956 1142 986 mente
1162 953 1344 994 puellam.

398 1001 608 1040 Fluctibus,
630 1001 670 1033 in
692 1001 792 1033 ssavo
818 1009 933 1042 saepe
953 1000 1106 1042 hospite
1125 1000 1389 1042 suspirantem
1408 1002 1414 1032 !

292 1125 433 1169 Sicuti
481 1126 620 1182 igitur
669 1126 808 1182 vulgo
855 1126 1036 1180 dicitur,
1092 1126 1253 1169 ambae
1310 1126 1528 1168 fulmineo
1586 1125 1715 1183 quasi

231 1197 397 1240 amoris
435 1198 527 1240 ictu
565 1198 1105 1255 attactaebvulnerantun
1143 1202 1278 1255 atque
1314 1198 1361 1240 in
1400 1197 1601 1239 medium
1633 1211 1716 1239 nos

231 1283 432 1311 amorem
463 1269 730 1327 Apollonius
753 1273 795 1311 et
823 1269 1040 1322 Catullus,
1063 1283 1325 1327 quanquam
1353 1268 1589 1311 limatioris
1609 1268 1717 1310 artis

230 1344 408 1398 poetae,
439 1355 527 1382 non
557 1341 705 1383 minus
733 1345 868 1398 atque
897 1340 1022 1383 rudis
1060 1344 1101 1383 et
1130 1340 1320 1398 simplex
1356 1338 1586 1396 Odysseae
1615 1353 1718 1380 con-

231 1411 365 1457 ditor.
395 1412 658 1469 projiciunt.
689 1411 820 1455 Solus
855 1411 1040 1470 quidem
1066 1411 1297 1467 Vergilius
1330 1411 1514 1453 feminei
1549 1409 1717 1452 amoris

229 1484 405 1542 priores
434 1488 569 1541 atque
594 1483 867 1539 jamdudum
896 1485 1046 1526 animo
1079 1483 1367 1525 inhaerentes
1401 1496 1560 1525 causas
1594 1480 1717 1523 radi-

231 1570 419 1612 cesque,
449 1556 564 1597 miro
603 1556 811 1598 acumine
850 1555 1104 1614 perspexit,
1139 1555 1252 1597 mira
1292 1554 1558 1597 dexteritate
1587 1553 1718 1595 extri-

231 1630 354 1669 catas
384 1627 514 1669 eruit.

953 1769 993 1813 V

311 1920 365 1946 DE
388 1919 565 1946 DEORUM
586 1920 613 1945 A
633 1917 833 1945 VERGILIO
853 1917 1049 1944 ADHIBITA
1069 1916 1113 1943 IN
1135 1914 1218 1942 HAG
1239 1915 1474 1943 OCCASIONE
1496 1914 1647 1948 OPERA,

661 1978 711 2004 ET
732 1976 957 2012 QUATENUS
985 1977 1079 2002 lLLA
1098 1975 1243 2003 PROSIT

291 2128 408 2181 Quin
437 2129 571 2170 etiam
600 2132 690 2170 tam
725 2127 842 2170 bene
874 2142 957 2185 per
984 2127 1104 2169 illius
1133 2131 1251 2169 artes
1286 2127 1617 2184 persuademur
1642 2126 1716 2168 Di·
1744 2118 1750 2123 ’

231 2201 397 2243 donem
418 2215 515 2242 esse
542 2200 695 2242 Aenae
715 2198 859 2241 amori
880 2198 1009 2256 quasi
1033 2197 1417 2256 praedestinatam
1445 2212 1497 2240 ac
1515 2197 1715 2240 debitam

230 2275 280 2314 ut
305 2286 388 2314 nec
411 2271 589 2313 Junone
617 2275 661 2312 et
688 2270 866 2313 Venere
902 2274 944 2311 et
972 2268 1193 2326 Cupidine
1227 2283 1316 2311 una
1351 2269 1711 2325 conjurantibus,

230 2357 378 2400 neque
405 2343 543 2384 misso
581 2342 639 2384 ab
666 2341 777 2384 Jove
810 2340 1034 2383 Mercurio
1067 2354 1182 2397 opus
1218 2354 1316 2382 esse
1345 2339 1400 2382 ad
1433 2339 1547 2381 illud
1576 2339 1714 2397 perfi-

231 2413 442 2456 ciendum
468 2412 691 2455 videatur.

291 2484 560 2542 Quanquam
596 2483 795 2542 penitius
832 2497 927 2526 rem
964 2482 1357 2526 considerantibus
1390 2497 1479 2525 non
1513 2486 1605 2525 tam
1639 2497 1715 2524 su-

272 2681 300 2712 1.
324 2682 467 2722 Argon..
488 2680 539 2715 ΙΙΙ,
557 2680 617 2710 423
634 2690 703 2720 sqq.
722 2699 759 2702 —
792 2680 838 2710 Cf.
858 2679 970 2713 Corn.
991 2680 1105 2710 Poe'sie
1123 2678 1366 2717 alea-andrine,
1390 2691 1420 2721 p.
1444 2680 1499 2711 141
1519 2683 1549 2711 et
1571 2691 1600 2721 p.
1626 2680 1684 2711 152
1706 2690 1712 2710 ε

230 2743 244 2757 «
272 2730 366 2759 Dans
387 2727 554 2769 Cydippe,
577 2728 663 2757 (lans-
685 2727 732 2758 lus
753 2728 1047 2768 Amenanaque&
1070 2730 1102 2758 et
1120 2727 1210 2758 dan-s·
1232 2730 1308 2758 tous
1329 2727 1376 2758 lr’s
1393 2738 1532 2758 roman-s·
1550 2738 1657 2767 symes,
1680 2727 1713 2757 la

226 2777 366 2818 passion
398 2775 506 2806 e'clczle
531 2775 688 2805 soudm'n.
719 2785 799 2806 sans
826 2784 972 2810 nuance,
1000 2784 1080 2805 sans
1104 2775 1291 2814 ,qradation
1315 2775 1482 2806 d'aztczme
1501 2778 1632 2807 sorte...
1656 2776 1715 2806 Ces

230 2826 323 2855 limes
343 2822 506 2853 ardentes
527 2832 565 2852 ne
583 2821 754 2852 subissent
773 2832 841 2863 pas
859 2832 923 2861 ραν
943 2821 1064 2863 (leyre's
1085 2821 1281 2862 l'influence
1303 2822 1349 2853 ἀι(
1370 2822 1474 2859 diem·
1495 2822 1520 2853 il
1539 2823 1610 2863 fait
1627 2832 1714 2864 pow-

230 2870 294 2902 elle
317 2870 376 2901 cles
395 2879 498 2910 coups
517 2869 558 2899 de
577 2868 714 2909 foztdre.
741 2882 755 2895 »

271 2918 301 2950 2.
326 2917 473 2952 Carnu,
495 2926 581 2953 mv,
603 2916 642 2947 86
657 2926 727 2956 sqq.
