1889 3319
673 207 801 237 CAPUT
835 206 1036 244 QmNTUM.
1520 188 1598 229 141

112 324 249 368 tructi
292 324 474 366 flectere
514 323 635 365 viam
675 323 934 367 necessario
979 322 1202 373 debeant,
1244 319 1447 362 Aeneam
1500 332 1603 360 cum

111 394 225 438 Fato
252 395 534 438 consensisse
561 409 651 437 non
680 409 786 437 sane
816 393 973 436 licebit
1005 392 1205 451 opinari;
1230 417 1287 421 —
1308 389 1467 432 saltem
1496 404 1602 431 vero

112 466 265 509 omnia
296 480 413 524 quae
441 461 634 508 consilio
658 464 891 523 provideri
926 466 1129 523 possent,
1161 477 1251 520 quo
1279 461 1445 504 certius
1477 460 1606 503 amit-

111 540 284 580 teretur
311 536 493 589 Creusa,
526 551 578 579 ea
604 537 891 594 praecavisse
918 536 1122 578 Aeneam
1156 533 1332 592 opinari
1359 532 1529 576 licebit.

177 626 196 648 «
234 607 379 650 Pone¹
412 625 432 646 »
462 607 602 662 igitur
630 626 650 646 «
682 607 803 649 subit
827 626 866 659 »,
888 607 1008 649 dicto
1031 619 1212 664 parens,
1236 603 1421 647 Creusa.
1448 602 1605 658 Pergit

115 682 267 722 autem
293 678 472 722 Aeneas
494 678 595 731 iter,
623 678 679 720 de
706 679 886 721 nemine
911 678 996 719 nisi
1019 677 1074 719 de
1102 679 1230 734 patre
1259 678 1457 732 natoque
1486 674 1607 718 solli-

73 801 76 805 ,
116 750 275 804 citus2,
320 764 468 807 neque
505 750 633 807 prius
661 749 867 791 meminit
893 748 1109 791 uxorem³
1137 761 1274 805 quam
1297 760 1414 798 cum,
1449 764 1469 784 «
1499 748 1607 787 nota

118 822 306 877 regione
344 821 446 863 viae
483 839 502 859 »
538 821 744 873 relicta&
779 835 862 878 per
889 820 1104 862 circuitus
1132 823 1176 861 et
1203 818 1421 873 ambages
1454 817 1606 859 locum

117 892 280 948 attigit,
311 907 401 950 quo
435 906 592 935 omnes
633 891 899 935 conventuri
943 891 1136 934 essent&
1173 889 1408 932 Facillime
1438 887 1605 931 Creusa

117 963 361 1006 aberravit.

177 1033 288 1078 Cum
318 1033 516 1092 denique
556 1034 634 1076 illa
668 1037 770 1077 ante
810 1033 1019 1090 conjugis
1057 1032 1212 1075 oculos
1240 1045 1398 1073 rursus
1427 1030 1602 1083 aclest⁵‚

119 1120 384 1164 supremum
412 1106 513 1148 vale
533 1105 726 1159 dictura,
752 1105 940 1148 comiter
964 1104 1093 1146 illum
1121 1103 1335 1159 objurgat
1363 1101 1486 1160 quod
1513 1105 1608 1143 tan-

115 1180 273 1236 topere
301 1176 356 1219 de
385 1191 432 1220 se
461 1177 628 1220 amissa
648 1177 936 1229 lamentetur,
961 1176 1092 1233 quasi
1112 1178 1284 1218 tantum
1312 1177 1355 1216 et
1376 1174 1608 1231 inexspec-

117 1251 262 1292 tatum
289 1248 493 1291 dolorem
523 1248 685 1291 mirata
715 1263 723 1292 :

342 1378 440 1419 Quid
457 1381 610 1411 tantum
630 1378 757 1409 insano
776 1378 888 1419 juvat
906 1376 1107 1418 indulgere
1128 1374 1335 1408 dolorm...

118 1492 277 1550 Neque
315 1492 436 1550 ipsa,
482 1492 564 1534 etsi
605 1506 710 1534 eum
758 1491 973 1533 adamare
1009 1489 1211 1542 videtur,
1254 1488 1310 1530 de
1364 1502 1445 1531 sua
1488 1490 1606 1529 sorte

117 1563 345 1622 queritur;
376 1579 460 1606 nec
492 1563 588 1606 Diis
626 1567 703 1606 aut
741 1564 831 1605 sato
870 1562 1147 1613 sueceusetss,
1184 1574 1332 1618 neque
1361 1574 1450 1601 una
1477 1573 1608 1617 prae—

118 1636 357 1678 teritorum
396 1638 515 1678 tecto
554 1635 638 1677 sub
675 1635 835 1677 eodem
869 1648 1093 1676 annorum
1122 1632 1193 1674 vel
1227 1646 1316 1674 uno
1344 1630 1485 1673 verbo
1513 1644 1607 1672 me-

117 1708 290 1761 minit⁹,
332 1722 481 1765 neque
520 1707 724 1750 felicitati
767 1711 810 1748 et
849 1706 1022 1761 gloriae
1060 1704 1243 1746 Aeneae
1283 1703 1329 1746 in
1369 1706 1602 1760 posterum

158 1851 186 1882 1.
206 1851 308 1882 Axon.
334 1850 419 1890 apud
442 1850 595 1886 Saevum,
619 1850 649 1879 in
670 1849 753 1879 Aen.
777 1849 813 1884 H,
835 1849 897 1879 725
922 1859 928 1879 :
953 1857 1035 1888 poue
1068 1856 1073 1876 τ
1101 1849 1190 1886 post,
1213 1846 1268 1876 sed
1291 1845 1360 1875 loco
1382 1846 1521 1880 tantum,
1542 1852 1606 1873 non

116 1901 148 1929 et
165 1899 300 1939 tempori
321 1898 481 1938 adjungit.
505 1916 546 1920 —
566 1898 670 1933 Pone,
697 1906 714 1926 a
735 1899 825 1936 tergo
853 1896 1047 1936 (Foassiussa').
1070 1912 1109 1916 —
1131 1908 1145 1921 «
1175 1894 1202 1924 A
1228 1892 1376 1934 quelque
1397 1891 1566 1922 distance.
1591 1903 1605 1917 »

116 1946 275 1986 (Salvom)
296 1946 350 1986 qui
371 1946 505 1976 eundem
538 1945 634 1985 igitur
664 1954 735 1974 esse
763 1953 892 1974 sensum
922 1943 1021 1973 verbo
1051 1952 1138 1983 pone
1171 1951 1206 1971 ac
1239 1941 1337 1971 verbo
1362 1939 1459 1981 longe
1483 1938 1604 1969 statuit.

113 1992 178 2034 (Cf.
200 1993 448 2034 praecedentem
470 1994 602 2032 notam.)

155 2041 185 2072 2.
207 2041 289 2071 Aen.
312 2041 349 2078 Π,
373 2040 510 2071 726-729
532 2043 562 2070 et
583 2040 705 2080 puriter
723 2039 909 2079 comitique
932 2038 1096 2078 onerique
1116 2037 1295 2074 timentem,
1318 2034 1470 2066 732-735.

155 2088 186 2120 3.
208 2089 290 2120 Aen.
313 2088 350 2126 11,
375 2087 516 2119 741-744
539 2097 545 2118 :

449 2165 512 2192 Nec
522 2165 617 2199 prius
638 2164 787 2190 amissam
807 2162 944 2197 respesri,
964 2162 1141 2188 animumve
1158 2160 1269 2195 resleaei

450 2206 545 2238 Quam
566 2206 712 2232 tumulum
735 2205 873 2240 antiquae
895 2204 1063 2230 Cereris...

447 2248 603 2275 Venimus.
628 2262 661 2268 —

154 2321 194 2359 ΙΙ,
214 2319 275 2351 744
297 2330 303 2351 :
327 2319 465 2351 Comites
486 2322 658 2359 natumque
685 2318 852 2358 virumque
872 2315 1015 2357 fefellit.
1035 2333 1074 2338 —
1093 2315 1193 2345 Axon.
1216 2323 1268 2354 ap.
1294 2313 1440 2344 Servium
1465 2312 1496 2342 in
1517 2312 1602 2343 Aen.

110 2368 149 2406 ΙΙ,
171 2367 232 2400 744
254 2377 261 2398 z
284 2381 299 2396 «
314 2367 450 2399 Videtur
474 2376 647 2398 excusasse
669 2365 874 2396 oblivionem
893 2374 993 2395 snam
1013 2365 1046 2394 et
1071 2361 1209 2404 culpam
1230 2361 1276 2393 ad
1297 2362 1383 2392 Deos
1397 2358 1568 2391 retulisse.
1587 2371 1603 2386 υ

112 2415 201 2447 Cf.v.
224 2415 302 2447 735:
325 2428 339 2444 «
364 2414 457 2446 male
477 2424 593 2445 numen
609 2414 762 2444 amicum
774 2424 785 2448 ,·
803 2425 817 2439 >›
833 2422 865 2443 v.
880 2411 962 2442 739:
980 2425 994 2439 «
1007 2412 1126 2451 fato...
1143 2412 1275 2449 erepta;
1294 2421 1307 2435 »
1321 2409 1358 2446 Il,
1374 2408 1455 2438 745:
1472 2420 1486 2434 (ι
1503 2406 1604 2444 Quem

111 2472 176 2494 non
189 2463 335 2494 incusavi
356 2472 465 2494 amens
490 2462 718 2501 hominumque
740 2461 942 2500 Deorumque
957 2461 971 2489 *2
994 2471 1007 2486 υ
1032 2458 1081 2488 An
1101 2467 1177 2488 vero
1200 2457 1342 2497 seipsum
1363 2455 1552 2486 incusavit?

154 2510 184 2544 4.
208 2510 294 2542 Aen.
313 2510 351 2550 ΙΙ,
373 2509 434 2542 736
457 2520 505 2551 sq.
530 2520 537 2541 :

605 2556 739 2591 Namque
760 2556 825 2582 avia
844 2562 934 2581 cursu

432 2601 505 2626 Dum
526 2606 632 2634 sequor
650 2602 677 2624 et
693 2601 758 2624 nota
780 2597 885 2624 excedo
903 2595 1020 2631 regione
1038 2594 1164 2628 viarum,
1180 2597 1238 2621 ete.

209 2672 290 2703 Aen.
315 2671 351 2708 ΙΙ,
373 2670 534 2708 713-7163
560 2669 599 2707 ΙΙ,
620 2669 678 2700 741
702 2678 770 2709 sqq.

177 2743 184 2750 .
208 2720 291 2751 Aen.
312 2719 348 2757 ΙΙ,
370 2718 441 2751 7Ἲ2.

208 2768 292 2798 Aen.
316 2766 353 2803 ΙΙ,
371 2766 443 2797 776.
467 2783 508 2788 -
526 2764 573 2796 Cf.
598 2775 629 2797 v.
651 2764 712 2795 784
735 2773 741 2794 2
765 2763 927 2794 Lacrimas
948 2762 1083 2793 dilectae
1104 2759 1189 2800 pelle
1210 2759 1360 2790 Creusae.

209 2815 291 2845 Aen.
315 2814 352 2851 ΙΙ,
374 2812 530 2844 Τῖΰ-ἾἽΘ.

153 2861 184 2893 9.
210 2863 291 2892 Aen.
315 2862 352 2899 ll,
377 2860 527 2892 785-788.
563 2878 603 2881 —
636 2859 752 2889 Crmtra
782 2860 917 2888 suturam
947 2857 994 2886 sui
1019 2856 1120 2896 ipsius
1141 2857 1258 2885 sortem
1280 2854 1418 2884 libenter
1437 2852 1602 2892 accipitet

115 2909 328 2950 amplectitur.
355 2908 402 2939 Cf.
426 2908 509 2949 apud
534 2907 722 2944 TORQUATUM
757 2906 894 2944 TAssun,
930 2904 1039 2936 Liber,
1063 2903 1209 2939 Hiems,
1233 2911 1260 2932 c.
1290 2900 1363 2939 ΧΗ,
1401 2900 1500 2931 verba
1531 2900 1603 2930 Clo-

152 2671 184 2845 φρομ
