1889 3319
660 212 788 242 CAPUT
823 212 1019 242 Tannum.
1535 198 1591 241 39

104 328 232 371 ribus
284 332 328 370 et
378 329 607 371 aerumnis
657 344 682 371 a
731 333 867 387 poeta
917 327 1207 371 concedatur.
1255 328 1398 370 Immo
1456 328 1592 370 etiam

52 396 55 398 ⁵
104 400 365 458 vituperare
393 398 666 455 Vergilium,
704 400 826 458 quod
854 401 987 442 nimis
1015 400 1184 442 multus
1211 400 1256 441 in
1280 414 1331 442 eo
1355 398 1592 441 tractando

104 479 296 530 ἐπεισοδίῳ
322 471 473 524 fuerit,
489 472 697 514 nonnulli
719 472 827 514 olim
852 486 941 514 non
964 471 1248 525 dubitavere,
1269 486 1359 529 quo
1388 476 1592 528 tempore

107 543 230 601 apud
256 543 322 585 rei
346 543 595 584 litterariae
622 544 953 586 existimatores
981 543 1079 584 laus
1100 546 1231 600 aptae
1254 541 1594 600 compositionis

105 614 251 672 pluris
278 628 416 672 quam
441 618 593 656 cetera
614 614 753 657 fiebat
770 616 798 657 ¹.

165 686 409 729 Enimvero
439 685 475 727 si
504 686 605 743 quis
633 686 899 744 expenderit
927 701 1017 743 qua
1043 686 1215 728 ratione
1242 684 1463 727 fabricata
1489 700 1596 727 eon—

109 761 195 800 stet
220 758 357 799 totius
387 757 504 815 epici
537 758 681 799 nostri
717 758 941 815 poematis
978 771 1246 815 compages,
1277 757 1312 800 is
1340 756 1596 799 necessario

106 828 324 871 fatebitur
342 842 434 870 non
459 832 636 870 tantum
657 828 874 887 prodesse
901 828 1018 870 hanc
1045 828 1350 870 narrationem
1377 831 1598 885 quantum

107 899 307 959 pateat2.

166 971 413 1014 Prodesset
439 971 626 1030 quidem
652 972 733 1014 illa
756 972 919 1028 magis,
951 972 985 1016 si
1014 971 1159 1027 magis
1183 971 1383 1027 graviter
1415 970 1597 1013 obstare

109 1042 507 1099 Carthaginienses
522 1043 779 1089 illecebras.
799 1044 1043 1101 quominus
1064 1043 1153 1085 fata
1175 1043 1356 1084 Aeneae
1380 1042 1601 1100 implean-

109 1119 198 1168 tur,
235 1115 518 1157 manifestior
553 1114 684 1157 nobis
724 1114 837 1158 fides
865 1115 1021 1167 fieret,
1052 1141 1108 1145 —
1134 1128 1300 1172 nempe
1328 1114 1365 1156 si
1392 1113 1482 1155 dux
1508 1116 1601 1154 tro-

107 1185 245 1242 janus
272 1185 439 1228 Didoni
464 1187 616 1244 ipsum
650 1187 820 1228 amanti
861 1191 996 1243 atque
1036 1186 1156 1228 ultro
1197 1185 1433 1243 quaerenti
1473 1184 1601 1226 initio

110 1257 375 1311 reluctatus,
401 1257 587 1300 tandem
615 1258 712 1315 pari
744 1273 896 1300 amore
927 1258 1067 1299 victus
1105 1261 1148 1299 et
1173 1258 1270 1315 ipse
1304 1255 1597 1307 concederet;

111 1343 288 1371 necnon
317 1333 361 1371 et
400 1329 437 1371 si
477 1328 652 1384 majore
698 1329 897 1371 Deorum
934 1330 1036 1371 nisu
1065 1344 1115 1371 ac
1141 1328 1357 1370 violentia
1385 1327 1601 1384 deinceps

113 1415 227 1458 opus
256 1403 391 1453 esset,
410 1404 460 1443 ut
487 1400 621 1442 officii
651 1401 916 1458 gloriaeque
946 1415 1053 1442 suae
1082 1400 1250 1442 oblitus
1277 1399 1410 1443 heros
1438 1397 1604 1440 Didoni

113 1471 477 1514 subtraheretur.
506 1471 619 1514 Tum
649 1472 768 1514 enim
798 1471 895 1529 (sed
922 1476 1017 1514 tum
1046 1470 1247 1528 demum)
1277 1484 1435 1513 verum
1463 1469 1602 1511 fuisse

110 1543 366 1601 periculum
405 1542 629 1585 Didonem
676 1542 864 1585 credere
908 1543 1157 1601 possimus,
1208 1556 1357 1599 neque
1400 1544 1602 1583 contem-

111 1614 314 1657 nendum
340 1615 521 1657 Aeneae
549 1615 811 1672 Romaeque
836 1614 938 1657 fatis
965 1613 1361 1672 impedimentum,
1394 1613 1430 1654 si
1454 1610 1603 1653 vivide

112 1685 234 1728 illius
277 1687 446 1739 amori,
491 1701 753 1744 quanquam
798 1687 843 1728 in
884 1690 1038 1744 partes
1078 1685 1282 1729 diversas
1334 1684 1600 1735 distractus,

115 1757 417 1816 responderet
443 1758 638 1800 AeneaS.

173 1827 436 1871 Istiusmodi
462 1844 572 1871 vero
599 1829 859 1871 certaminis
886 1828 1063 1871 nullum
1090 1842 1277 1886 prorsus
1302 1827 1504 1885 reperire
1533 1830 1602 1868 est

113 1900 159 1942 in
195 1899 376 1942 Aeneae
404 1899 535 1942 dictis
563 1904 640 1942 aut
667 1901 807 1956 gestis
834 1900 1069 1952 indicium,
1099 1914 1247 1957 neque
1284 1902 1390 1940 tunc
1418 1912 1520 1940 cum
1548 1897 1605 1940 ab

115 1975 294 2014 amante
333 1971 510 2014 Didone
554 1972 773 2024 irretitur,
823 1986 971 2029 neque
1010 1974 1169 2029 postea
1195 1969 1378 2027 quando
1404 1968 1608 2027 proficis—

115 2057 220 2086 cens
246 2042 446 2085 Deorum
473 2047 604 2101 paret
630 2044 849 2101 imperiis.
885 2042 1083 2100 Utraque
1108 2042 1153 2083 in
1176 2041 1410 2084 occasione
1431 2040 1606 2082 lentum

116 2130 163 2160 se
194 2115 387 2173 praebet
422 2119 466 2157 et
490 2115 699 2167 inertem,
738 2118 781 2156 et
810 2114 934 2155 velut
964 2114 1031 2156 sui
1058 2113 1360 2165 incuriosum,
1391 2112 1521 2170 quasi
1549 2111 1604 2154 de

117 2201 164 2232 se
216 2200 305 2229 non
345 2190 520 2242 agatur.
565 2185 710 2238 Quem
745 2185 929 2243 quidem
964 2184 1236 2239 Carthagine
1270 2184 1490 2225 mansisse
1523 2197 1605 2225 nec

117 2257 260 2317 pudet
302 2258 375 2301 vel
427 2258 642 2316 paenitet,
697 2272 780 2299 nec
826 2256 1020 2298 multum
1060 2256 1188 2314 piget
1226 2255 1366 2297 abire.
1416 2254 1471 2297 Se
1517 2269 1607 2296 non

118 2330 268 2373 minus
296 2344 443 2388 aequo
470 2330 620 2372 animo
648 2344 674 2371 a
700 2328 875 2370 Didone
903 2328 1062 2381 amari,
1088 2342 1114 2369 a
1134 2326 1227 2369 Diis
1248 2341 1401 2369 amore
1417 2325 1606 2368 Didonis

118 2402 264 2444 vetari
296 2402 481 2460 patitur.

181 2471 280 2524 Quo
307 2473 358 2515 fit
383 2477 447 2526 ut,
473 2471 862 2531 quemadmodum
888 2471 933 2513 in
960 2471 1141 2513 Aeneae
1169 2470 1261 2512 vita
1286 2470 1362 2512 ille
1385 2483 1512 2512 amor
1537 2483 1609 2510 res

122 2545 350 2587 subsiciva
377 2549 420 2587 et
444 2545 586 2587 veluti
619 2543 768 2586 obiter
805 2542 1072 2600 decerptum
1099 2541 1483 2584 oblectamentum
1512 2554 1609 2582 esse

101 2686 104 2690 ’
166 2681 194 2712 1.
216 2681 372 2712 Nimirum
406 2685 440 2711 ut
471 2680 602 2720 Vergilii
636 2680 761 2719 copiam
782 2681 986 2715 excusarent,
1010 2677 1232 2707 demonstrare
1265 2676 1409 2706 nonnulli
1443 2675 1612 2706 voluerunt

124 2731 272 2768 quartum
302 2728 418 2758 librum
445 2728 599 2767 poematis
626 2736 697 2757 esse
728 2726 857 2757 nodum.
893 2724 940 2756 Cf.
966 2723 1050 2764 apud
1074 2722 1214 2761 Carnos,
1245 2722 1382 2762 Viryz'le,
1413 2725 1436 2752 t.
1465 2721 1517 2759 lv,
1540 2721 1611 2752 121.

126 2774 396 2815 (Commentarius
416 2775 488 2813 iste,
512 2775 585 2805 licet
611 2773 784 2813 aliquando
807 2773 904 2803 risum
927 2774 1064 2807 moveat,
1088 2770 1278 2801 laudandam
1308 2773 1411 2800 tamen
1439 2772 1532 2809 atque
1558 2770 1611 2799 in-

124 2822 251 2853 terdum
272 2823 366 2852 etiam
383 2825 529 2862 argutam
551 2821 747 2861 diligentiam
769 2819 925 2857 exhibet.)

166 2869 197 2900 2.
220 2883 234 2897 α
257 2870 304 2900 La
326 2871 416 2900 mort
438 2869 479 2900 cle
499 2868 612 2899 Didon
634 2870 683 2899 es!
704 2867 822 2898 sterile
839 2876 929 2907 pout·
957 2864 988 2895 le
1010 2867 1095 2896 reste
1116 2864 1162 2895 dn
1181 2865 1309 2905 poeme.
1337 2878 1349 2890 »
1374 2864 1510 2902 (innon,
1540 2863 1614 2893 Vir-

127 2916 207 2958 9ile,
232 2920 251 2947 t.
279 2916 331 2955 IV,
354 2927 384 2957 p.
410 2916 467 2947 191
490 2925 559 2956 sqq.
