1889 3319
857 225 977 254 INDEX
984 245 992 253 .

318 336 379 369 VI.
403 338 457 370 De
477 337 641 371 Didonis
658 347 747 381 erga
769 341 939 373 Aeneam
959 339 1101 373 amoris
1121 341 1251 374 causis
1272 344 1309 375 et
1329 345 1486 376 natura.
1557 353 1594 386 p.
1638 346 1678 379 53

302 390 380 423 VII.
406 390 504 430 Quid
525 392 697 425 habeant
719 395 855 426 Annae
875 393 1038 426 consilia
1058 394 1249 427 momenti
1269 420 1485 428 ......
1557 407 1592 439 p.
1638 400 1678 432 57

282 444 379 476 VIII.
405 446 459 477 De
481 445 630 479 Didone
649 449 820 485 amante,
835 446 990 488 qualem
1002 455 1043 480 se
1054 450 1176 489 gerat,
1192 449 1370 490 Deosque
1390 458 1489 483 erro-

442 497 494 530 ris
516 502 693 533 auctores
714 502 753 533 et
773 499 887 541 quasi
907 500 1084 533 conscios
1107 501 1249 535 habeat
1269 528 1484 537 ......
1555 512 1590 546 p.
1635 507 1673 539 61

316 550 377 582 IX.
405 552 458 583 De
479 553 608 584 Aenea
629 561 708 585 non
732 555 813 585 tam
833 552 1019 585 invidiam
1032 553 1201 595 legentis
1213 563 1279 596 per
1298 564 1339 588 se
1360 555 1489 597 ipsum

442 609 614 638 merente
637 614 752 646 quam
780 606 919 639 mereri
944 615 1058 648 saepe
1088 607 1217 640 dictus
1239 611 1310 641 est.
1333 610 1408 642 Cur
1432 613 1492 643 ta-

442 666 532 690 men
552 658 648 691 adeo
670 658 872 700 displiceat
898 685 1486 695 ...............
1557 671 1591 704 p.
1637 665 1677 697 68

332 712 376 743 X.
402 711 450 744 De
465 713 664 752 querentis
675 712 834 746 Didonis
848 713 1086 754 humilitate,
1102 723 1304 756 quousque
1319 715 1489 748 demissa

441 764 652 798 descendat
687 791 1483 801 ....................
1556 779 1591 812 p.
1638 772 1677 804 76

317 818 377 850 XI.
404 819 457 851 De
480 818 645 852 furentis
667 819 827 852 Didonis
848 820 1197 862 imprecationibus
1219 825 1258 855 et
1278 821 1358 855 ira.
1396 848 1402 853 .
1437 849 1443 854 .
1479 849 1485 855 .
1556 831 1591 864 p.
1637 825 1678 857 86

296 872 376 903 XII.
402 873 456 904 De
478 871 614 905 ultima
634 873 801 914 quadam
817 874 1028 908 moriturae
1045 875 1207 908 Didonis
1220 875 1342 908 animi
1355 875 1491 909 immu-

442 925 585 958 tatione
621 952 1482 961 ......................
1556 939 1590 971 p.
1635 931 1676 962 88

663 1075 813 1119 PARS
866 1076 1195 1120 POSTERIOR

186 1202 238 1228 De
256 1204 480 1230 muliebrium
501 1205 670 1232 Aeneidis
689 1212 933 1239 personarum,
954 1206 993 1232 in
1013 1207 1142 1239 quibus
1171 1206 1386 1240 effingendis
1409 1207 1599 1233 minimum
1619 1207 1677 1234 ad<-

237 1251 336 1284 jutus
368 1252 436 1278 fuit
468 1253 659 1287 Vergilius,
692 1254 831 1285 ind01e;
867 1261 937 1287 qua
968 1256 1091 1281 tamen
1122 1255 1336 1282 inveniendi
1369 1256 1471 1289 copia
1501 1255 1677 1289 descripta

235 1299 354 1326 fuerit.

184 1408 316 1440 CAPUT
347 1416 516 1442 PRIMUM.
543 1407 783 1448 Quantulum
815 1417 862 1442 ex
895 1408 1071 1450 antiquis
1101 1409 1274 1442 fontibus
1295 1407 1489 1450 percipere

226 1460 421 1502 Vergilius
444 1462 609 1503 potuerit
632 1462 671 1494 in
698 1462 875 1504 personis
905 1462 992 1495 istis
1024 1462 1255 1505 effingendis
1278 1462 1325 1496 de
1345 1462 1489 1504 quibus

225 1522 329 1547 nun‹·
351 1514 544 1556 agendum
563 1519 623 1548 est
653 1541 1482 1548 .....................
1553 1524 1588 1557 p.
1634 1517 1674 1549 99

349 1594 375 1624 Ι.
401 1593 590 1633 Perpauca
614 1593 660 1625 de
683 1596 832 1632 Amata,
859 1593 1031 1634 Camilla,
1055 1597 1210 1634 Creusa,
1231 1596 1354 1634 Anna,
1377 1593 1487 1627 Lavi-

436 1646 512 1683 nia,
538 1647 705 1688 Vergilio
732 1647 868 1680 tradita
891 1648 1012 1681 fuisse
1021 1673 1481 1681 ............
1555 1656 1588 1689 p.
1614 1648 1674 1681 100

332 1701 374 1732 II.
402 1700 505 1732 Nihil
528 1700 694 1742 amplius
715 1701 760 1734 de
782 1701 888 1734 hisce
911 1702 1089 1743 personis
1105 1702 1313 1744 Vergilium
1326 1702 1374 1734 ab
1389 1702 1485 1733 anti-

437 1754 524 1795 quis
545 1755 743 1797 accepisse
766 1781 1479 1788 ..................
1551 1763 1585 1796 p.
1612 1755 1672 1788 102

179 1849 310 1882 CAPUT
336 1855 567 1882 SECUNme.
594 1851 647 1881 De
670 1852 809 1882 Amata
821 1875 1478 1882 .................
1550 1859 1584 1892 p.
1610 1851 1671 1883 110

178 1945 307 1977 CAPUT
330 1945 787 1978 TERT1m1.DeCamilla
820 1973 824 1976 .
863 1972 866 1975 .
904 1971 908 1975 .
943 1971 947 1975 .
984 1972 988 1976 .
1023 1972 1028 1976 .
1065 1973 1069 1976 .
1107 1974 1111 1976 .
1145 1972 1150 1977 .
1186 1973 1189 1976 .
1227 1973 1231 1977 ,
1265 1973 1270 1977 ,
1307 1974 1311 1977 ,
1349 1973 1353 1976 ⁴
1390 1972 1394 1976 .
1432 1973 1436 1976 .
1474 1972 1478 1976 .
1551 1954 1584 1987 p.
1614 1946 1667 1978 121

177 2040 308 2072 CAPUT
333 2047 538 2079 Qumrum.
566 2041 619 2072 De
647 2042 758 2072 Anna
772 2065 1478 2072 ..................
1549 2049 1584 2082 p.
1612 2042 1666 2073 131

176 2136 306 2168 CAPUT
330 2142 528 2175 QUINTUM.
555 2136 608 2168 De
629 2137 771 2169 Creusa
802 2162 1472 2168 .................
1545 2145 1580 2178 p.
1610 2137 1670 2170 136

176 2230 306 2263 CAPUT
332 2237 505 2263 SEXTUM.
534 2231 587 2263 De
617 2231 778 2264 Lavinia
808 2257 1473 2263 .................
1547 2240 1582 2273 p.
1608 2232 1669 2264 144

176 2378 503 2423 CONCLL‘SIO
513 2415 1472 2425 ........................
1545 2401 1581 2434 p.
1606 2394 1667 2426 153
