1889 3319
296 216 352 257 42
898 230 998 258 PARS
1030 230 1168 259 pmcn.

295 344 492 402 spatium
524 343 747 397 deesset‘,
777 344 822 385 in
855 343 1133 402 explicandis
1166 343 1354 386 Didonis
1395 342 1602 385 sensibus
1639 344 1777 401 paulo

295 415 398 472 plus
426 429 572 472 aequo
594 415 887 472 acquieverit.

1006 543 1068 586 III

317 685 372 710 DE
400 683 573 711 DIDONIS
599 683 776 710 INGENIO
805 682 994 717 EJUSQUE
1023 683 1067 709 IN
1094 683 1270 710 AENEAM
1297 683 1459 711 AMORIS
1486 683 1747 712 ORIGINIBUS.

354 817 530 869 Quanta
558 821 709 859 autem
731 830 831 858 cum
855 815 1092 871 diligentia
1113 815 1343 872 Vergilius
1365 817 1556 859 amantis
1579 817 1780 860 mulieris

295 890 495 931 animum
525 888 759 937 altissime,
791 891 840 929 ut
865 887 925 928 ita
953 886 1117 939 (licam,
1145 887 1331 929 rimatus
1360 888 1416 930 sit
1443 891 1577 945 atque
1599 889 1779 946 penitus

296 959 515 1012 effoderit,
548 959 844 1016 introspicere
873 972 1018 1015 usque
1046 972 1392 1015 persequamur.

353 1031 557 1072 Primum
585 1033 736 1072 autem
765 1029 985 1087 patefiunt
1014 1028 1143 1070 nobis
1166 1044 1217 1071 ea
1240 1032 1387 1071 omnia
1413 1044 1527 1086 quae
1557 1029 1780 1072 Didonem

295 1102 352 1144 ad
379 1102 580 1143 Aeneam
608 1100 855 1143 amandum
882 1100 1131 1157 proclivem
1156 1100 1345 1142 fecerint
1374 1114 1382 1140 :
1413 1101 1473 1142 ita
1502 1115 1687 1159 prorsus
1710 1102 1780 1143 vel

290 1173 384 1229 jam
414 1173 459 1214 111
487 1171 636 1214 medio
666 1172 812 1229 primo
840 1170 957 1212 libro
985 1171 1189 1229 exposita
1224 1175 1270 1213 ut
1301 1171 1433 1213 nobis
1462 1186 1609 1215 mores
1644 1176 1779 1229 atque

292 1243 468 1285 indoles
508 1243 697 1285 Didonis
735 1243 860 1300 prius
887 1243 1022 1284 etiam
1049 1246 1289 1299 perspecta
1317 1243 1405 1284 sint
1426 1257 1563 1300 quam
1590 1243 1634 1284 in
1658 1257 1779 1285 scae-

293 1330 399 1357 nam
426 1315 581 1370 regina
611 1315 709 1372 ipsa
737 1313 944 1371 prodi-at.

353 1387 467 1428 Nam
495 1401 517 1428 e
547 1384 735 1428 Veneris
764 1384 822 1427 ad
849 1384 992 1426 filium
1023 1384 1171 1426 verbis
1201 1385 1522 1442 comperimus,
1553 1385 1779 1427 Didonem

293 1457 350 1499 ad
377 1457 622 1499 amandum
650 1458 811 1498 natura
840 1470 936 1497 esse
960 1470 1167 1513 pronam.
1192 1454 1446 1512 Sychaeum
1467 1456 1587 1498 enim
1615 1470 1780 1511 magno

295 1528 515 1584 diligebat
536 1542 706 1580 amore,
737 1527 879 1569 multo
908 1526 1134 1568 desiderio
1157 1530 1397 1584 prosecuta
1422 1531 1504 1570 est.
1532 1526 1665 1580 Quod
1685 1528 1782 1585 qui-

295 1600 396 1641 dem
441 1604 488 1641 ut
526 1603 681 1656 aperte
722 1613 773 1640 ac
801 1598 1009 1641 distincte
1046 1597 1341 1653 significetur,
1373 1598 1654 1653 singularem
1685 1599 1779 1640 sine

293 1671 432 1713 dubio
460 1674 596 1728 poeta
622 1669 828 1713 consulto
857 1669 981 1712 dedit
1007 1683 1193 1727 operam
1211 1669 1223 1690 ²
1256 1686 1264 1712 ε

500 1801 597 1835 Huic
618 1800 761 1841 conjux
784 1799 978 1840 Sychaeus
1000 1802 1122 1832 erat...

595 1864 724 1894 mayno
744 1853 910 1886 miserae
931 1853 1074 1884 dilectus
1093 1861 1223 1883 amore.

869 1906 936 1939 llle
955 1906 1171 1947 Sychaeum

500 1962 606 1995 Clam
628 1962 725 1994 ferro
749 1960 952 1993 incautum
973 1961 1144 2000 superat,
1168 1966 1328 1991 securus
1349 1968 1514 1990 amorum

501 2017 736 2048 Germanae:
759 2014 985 2054 factumque
1009 2012 1072 2043 diu
1093 2012 1227 2048 celavit,
1244 2015 1283 2044 et
1305 2021 1452 2052 aegram

501 2069 615 2100 Multa
632 2068 761 2101 malus
780 2068 965 2103 simulans,
990 2076 1080 2098 vana
1101 2075 1160 2106 spe
1182 2065 1262 2097 lusit
1282 2070 1473 2098 amantem.

357 2178 477 2220 Nihil
513 2194 600 2221 11011
641 2178 709 2220 his
749 2178 793 2219 in
828 2178 1034 2219 versibus
1068 2178 1198 2220 nobis
1244 2182 1463 2220 monstrat
1498 2182 1666 2236 quanto
1700 2177 1781 2220 de-

297 2263 445 2291 mersa
471 2250 592 2291 luctu
613 2249 749 2290 fuerit
775 2248 906 2296 Dido,
939 2248 1051 2290 adeo
1081 2253 1129 2291 ut
1155 2253 1199 2291 et
1229 2249 1325 2306 ipse
1348 2249 1584 2306 Pygmalio
1612 2249 1783 2291 crebris

297 2325 340 2362 et
375 2321 637 2375 excogitatis
678 2319 926 2362 mendaciis
965 2320 1063 2375 ejus
1103 2320 1307 2362 dolorem
1339 2320 1496 2362 fallere
1532 2324 1575 2362 et
1602 2320 1782 2378 placare

295 2391 431 2433 fuerit
459 2395 655 2433 coactus.

358 2462 456 2514 Quo
485 2466 636 2504 autem
664 2462 815 2513 modo,
843 2462 979 2504 occisi
1001 2461 1209 2518 conjugis
1237 2462 1400 2504 certior
1426 2461 1559 2514 facta,
1592 2462 1783 2520 ejusque

342 2591 368 2621 l.
394 2591 479 2621 Nihil
499 2591 627 2621 videtur
655 2591 826 2630 prohibere
846 2591 920 2631 quin
941 2591 1112 2622 credamus
1133 2592 1164 2621 111
1188 2591 1298 2631 primis
1329 2590 1426 2620 fuisse
1453 2590 1666 2629 compositum
1687 2598 1784 2629 quar—

297 2641 361 2668 tum
397 2638 552 2668 Aeneidis
576 2639 702 2669 librum.
728 2637 773 2668 Cf.
799 2638 943 2670 [hanaen.
966 2638 1221 2679 Proleyamena.
1246 2648 1275 2677 p.
1299 2636 1358 2674 593
1380 2637 1561 2670 SABBMJINJ,
1591 2636 1694 2667 Slztdi
1713 2637 1784 2666 cri-

299 2685 370 2715 tici.
397 2699 410 2712 «
436 2685 603 2715 Perfectus
626 2698 639 2711 »
660 2685 770 2716 saltem
794 2686 826 2715 in
843 2686 956 2725 primis
978 2686 1035 2716 suit
1055 2695 1125 2716 cum
1155 2685 1296 2716 secundo
1329 2687 1494 2724 sextoque.
1517 2685 1678 2724 ffiunrox„
1708 2683 1783 2714 Vita

304 2732 412 2773 Vel-9..
431 2732 498 2772 31.)

340 2780 370 2811 ⁵2.
394 2781 491 2817 Aen„
513 2779 535 2817 l,
553 2780 615 2810 :342
635 2790 704 2821 sqq.
729 2780 780 2811 sic
803 2781 860 2811 lios
879 2790 991 2811 versus
1010 2781 1240 2820 interpretatur
1262 2780 1297 2810 P.
1321 2779 1456 2814 CATnov,
1476 2794 1490 2807 u
1514 2779 1625 2810 Didon
1648 2781 1699 2810 est
1719 2789 1784 2810 ea:-

301 2827 404 2857 lre'me
434 2828 521 2858 (lans
551 2837 604 2858 ses
635 2828 901 2859 attacloements.
933 2827 1138 2868 Lersqzc'elle
1168 2830 1217 2858 est
1245 2836 1365 2857 encore
1393 2829 1413 2857 ιὶ
1446 2827 1521 2867 Tyr,
1553 2826 1781 2857 l'incliuation

300 2873 425 2914 qu'elle
439 2885 459 2905 a
477 2884 569 2915 pom·
589 2875 708 2905 Siche'e
729 2875 782 2906 Jz'a
800 2876 898 2915 point
920 2875 959 2905 (Ie
980 2874 1131 2906 limites:
1157 2874 1223 2905 elle
1246 2877 1294 2905 est
1316 2873 1475 2911 violente,
1493 2873 1557 2904 elle
1579 2876 1628 2904 est
1648 2884 1784 2914 empor-

302 2922 362 2958 te'e,
385 2921 451 2952 elle
472 2932 510 2953 rcz
527 2921 673 2962 jnsqzc'd
695 2921 727 2952 la
751 2923 872 2952 rendre
894 2922 1131 2953 mctllieztreuse
1153 2932 1161 2952 .·
1184 2931 1297 2962 magno
1319 2922 1454 2951 miserae
1474 2922 1610 2951 dilectus
1629 2931 1746 2952 amore.
1767 2934 1781 2949 υ
