1889 3319
746 200 874 230 CAPUT
908 200 1083 230 rammi.
1598 187 1612 228 I
1627 188 1647 228 1

173 333 289 377 quae
333 316 438 359 inde
474 316 519 358 in
566 330 696 358 usum
733 331 865 358 suum
895 317 1147 359 traduxerit
1186 316 1429 372 Vergilius,
1466 330 1650 374 prorsus

174 388 404 432 sufficiunt
447 387 619 430 Timaei
655 387 954 443 fragmenta¹‚
1001 387 1321 444 luculentaque
1380 386 1544 430 Justini
1596 387 1651 429 de

173 459 616 516 Carthaginiensium
643 459 896 514 originibus
923 459 1122 501 narratio
1138 458 1167 501 ².

890 659 951 702 ΙΙΙ

660 808 714 834 DE
742 807 990 834 DEPERDITIS
1016 806 1178 834 MEDEIS

236 958 370 1012 Quod
397 973 504 1001 vero
531 947 620 1000 non
649 957 705 999 ad
736 957 957 999 Didonem
984 958 1130 1015 ipsam
1157 955 1236 998 sed
1264 955 1320 997 ad
1354 955 1454 999 illas
1488 955 1655 1011 mythi-

175 1045 250 1074 cas
290 1045 511 1089 personas
550 1030 723 1082 attinet,
767 1056 823 1060 —-
865 1029 1166 1086 Calypsonem
1206 1027 1322 1078 dico,
1369 1027 1652 1083 Circamque,

174 1101 491 1160 Medeamque,
550 1101 885 1158 Ariadnamque
937 1115 988 1142 ae
1033 1098 1333 1150 Simaetham‚
1387 1124 1442 1128 ——
1494 1096 1657 1138 similia

175 1172 362 1232 quidem
402 1172 568 1215 Didoni
604 1186 779 1230 passas,
822 1185 1104 1228 quarumque
1144 1168 1202 1211 ad
1238 1168 1466 1226 exemplar
1498 1167 1657 1222 Vergi-

175 1244 264 1286 lius
291 1243 498 1286 mulieris
518 1247 616 1285 tum
637 1242 846 1293 amantis,
870 1246 966 1284 tum
988 1241 1204 1298 deceptae
1226 1239 1410 1282 affectus
1436 1238 1652 1296 depinxit,

178 1329 328 1373 neque
356 1314 412 1356 de
440 1314 646 1372 personis
674 1313 787 1366 istis,
813 1310 993 1370 praeter
1015 1327 1067 1354 ea
1088 1326 1203 1369 quae
1225 1310 1431 1352 novimus
1453 1308 1653 1360 Homeri,

177 1385 432 1443 Euripidis,
473 1384 727 1443 Apollonii,
780 1383 1029 1435 Theocriti,
1081 1381 1242 1425 Catulli
1291 1383 1523 1438 poemata,
1569 1379 1655 1420 alia

178 1456 407 1514 quaedam
444 1455 666 1498 exstitisse
708 1454 1088 1496 verisimillimum
1130 1457 1217 1505 est,
1267 1451 1384 1494 unde
1424 1454 1576 1492 noster
1612 1449 1655 1490 in

178 1541 277 1570 rem
304 1541 434 1570 suam
455 1526 683 1569 tantillum
711 1529 972 1568 convertere
1000 1524 1213 1582 potuerit.

236 1598 389 1641 Primo
417 1598 538 1640 enim
573 1597 628 1640 de
657 1596 926 1655 Calypsone,
958 1594 1086 1638 Circa
1117 1593 1454 1650 Simaethaque,
1483 1591 1658 1633 nullum

176 1669 316 1712 fuisse
341 1669 574 1728 peculiare
601 1683 782 1711 carmen
814 1682 898 1725 pro
935 1670 1055 1709 certo
1087 1664 1351 1708 habendum
1385 1663 1495 1705 est³.
1527 1660 1660 1714 Quod

180 1741 216 1783 si
242 1741 417 1794 fuisset,
442 1755 586 1799 paene
614 1754 799 1783 necesse
828 1740 881 1781 sit
911 1743 959 1780 ut
997 1738 1205 1789 sciamus,
1243 1750 1343 1778 cum
1370 1739 1462 1776 tam
1489 1732 1658 1775 multae

179 1826 323 1870 usque
351 1811 409 1854 ad
434 1827 516 1854 nos
543 1811 835 1870 pervenerint
865 1809 1267 1865 grammaticorum
1300 1804 1655 1863 compilationes,

177 1887 272 1926 tam
305 1883 448 1926 multa
480 1887 524 1925 et
558 1883 695 1939 longa
727 1883 772 1924 in
808 1895 996 1937 graecos
1032 1880 1274 1937 scriptores
1315 1876 1661 1920 scholiastarum

183 1955 522 2007 commentaria,
553 1959 619 1997 tot
649 1973 667 1993 (ι
692 1953 997 1996 bibliothecae
1021 1970 1040 1991 ›>
1071 1950 1308 2008 excerptis,
1328 1952 1391 1991 tot
1418 1948 1560 1989 lexica
1584 1960 1662 1988 no-

183 2026 381 2069 minibus
424 2042 475 2069 ao
514 2026 654 2068 titulis
693 2025 873 2067 referta.
911 2024 1167 2081 Perpauoas
1196 2022 1375 2076 egomet
1402 2033 1505 2061 reor
1530 2017 1660 2060 nobis

180 2097 382 2154 ignorari
410 2097 753 2157 deperditorum
782 2095 1059 2153 antiquitatis
1080 2093 1301 2135 librorum
1325 2090 1657 2148 inscriptiones.

240 2168 423 2213 Medeas
461 2173 633 2222 eontra,
670 2171 851 2225 praeter
887 2165 1179 2223 Euripideam
1218 2168 1259 2206 et
1297 2162 1658 2221 Apollonianam,

183 2240 276 2283 sive
309 2241 428 2283 inter
461 2240 674 2293 Graecos,
710 2239 802 2281 sive
830 2239 946 2280 inter
979 2236 1160 2279 Latinos
1194 2250 1284 2278 non
1313 2234 1510 2276 defuisse
1538 2235 1663 2274 extra

183 2429 237 2470 IV,
257 2429 397 2462 632-633
419 2440 425 2460 :
442 2430 520 2460 Tum
536 2430 677 2460 breviter
697 2429 818 2459 Barcen
841 2428 996 2458 nutriCem
1011 2426 1049 2456 ad
1070 2426 1134 2456 sata
1152 2423 1300 2465 Sychaei,
1316 2422 1471 2462 Namque
1487 2430 1585 2451 suam
1599 2429 1662 2460 pa-

185 2478 255 2509 tria
285 2478 436 2520 antiqua
465 2477 551 2508 cinis
578 2480 655 2507 aler
683 2475 841 2507 habebat.
864 2492 901 2497 —
923 2474 967 2504 Ex
991 2474 1088 2509 Aen„
1115 2472 1168 2509 IV,
1188 2471 1246 2501 211
1269 2480 1351 2511 sqq.,
1374 2469 1502 2508 conjicit
1522 2468 1663 2498 chAnx

183 2524 360 2565 Vergilium
380 2534 442 2555 non
464 2525 593 2554 novisse
614 2534 649 2554 ea
675 2532 756 2563 quae
781 2521 1002 2562 perhibuerint
1026 2519 1169 2550 nonnulli
1191 2519 1273 2548 inter
1293 2517 1442 2556 antiquos
1462 2516 1501 2545 de
1528 2515 1662 2554 decepto

183 2571 276 2603 Iarba
294 2581 312 2602 a
333 2572 458 2602 Didone
487 2572 519 2601 in
549 2572 690 2601 Africam
717 2569 908 2600 considenti.
932 2565 1184 2609 (Ver-9.-Stud.,
1211 2574 1241 2604 p.
1274 2564 1358 2603 107.)
1390 2564 1454 2602 Ego
1484 2562 1663 2602 neglexisse

183 2628 256 2651 eum
275 2619 387 2660 potius
410 2628 525 2650 censeo
547 2618 599 2658 (de
619 2627 682 2658 quo
702 2627 732 2647 v.
756 2617 839 2646 infra
855 2616 887 2645 in
908 2615 1051 2651 Didone,
1070 2615 1128 2653 111.)

225 2667 255 2698 1.
279 2667 428 2703 Tuum-s,
452 2666 490 2697 fr.
513 2665 552 2696 ‘253
568 2665 697 2701 (Diclol,
724 2664 745 2702 I,
768 2673 798 2703 p.
823 2662 903 2699 197).

225 2714 256 2746 2.
279 2714 435 2752 JUSTINUS,
466 2712 579 2750 XVIII,
612 2712 630 2742 4
655 2721 724 2752 sqq.
747 2729 785 2733 —
816 2710 862 2741 Cf.
895 2710 1028 2740 Samus
1059 2710 1090 2739 in
1120 2710 1215 2739 Aen..
1248 2706 1298 2743 IV,
1320 2706 1371 2737 36.
1396 2722 1431 2728 —
1453 2704 1496 2734 De
1523 2703 1665 2734 Ditione-

187 2761 330 2799 Astarte,
349 2771 379 2793 v.
400 2761 543 2790 PRELLER
558 2763 588 2790 et
606 2759 739 2795 Jonoax,
761 2758 853 2788 Ram.
877 2756 1034 2798 Myllzol„
1057 2756 1093 2793 ll,
1115 2755 1186 2792 313,
1210 2764 1239 2785 n.
1262 2754 1275 2784 1
1293 2763 1300 2791 3
1324 2752 1392 2789 406,
1415 2752 1540 2782 mininie
1561 2754 1665 2781 autem

185 2807 279 2839 facile
299 2811 348 2839 est
367 2808 553 2848 intellegere
577 2806 654 2847 quId
675 2815 714 2836 ex
737 2815 773 2836 ea
794 2804 901 2836 fabula
921 2804 1046 2835 trahere
1063 2804 1201 2844 potuerit
1220 2801 1390 2841 Vergilius.

226 2854 257 2886 3.
285 2855 422 2887 Circam
444 2854 581 2894 Satyrici
604 2853 760 2884 dramatis
781 2852 828 2882 vel
850 2852 1034 2882 comoediae
1051 2853 1268 2891 argumentum
1288 2848 1389 2888 poetis
1410 2845 1595 2886 praebuisse
1618 2844 1666 2875 vi-

186 2901 281 2934 detur
297 2902 421 2943 (enm,
446 2902 664 2943 Traffiyrecs,
684 2905 704 2930 t.
727 2899 777 2936 IV,
800 2909 830 2939 p.
853 2898 935 2929 280&
