1889 3319
0 308 6 315 r
7 250 23 276 x*
0 80 17 226 *μιν*
0 0 19 63 ›1sz

759 187 887 217 CAPUT
922 190 1118 219 TERTIUM.
1631 179 1687 220 77

203 302 290 347 sibi
321 303 409 361 ipsi
435 304 628 344 mortem
656 304 963 348 conscivisse?
993 306 1126 358 Quod
1153 306 1338 364 quidem
1365 307 1618 364 Vergilius,
1650 309 1688 351 si

196 374 428 427 libuisset,
459 388 512 416 eo
539 373 716 417 facilius
743 377 968 433 potuisset
995 377 1117 435 quod
1145 378 1223 419 illa
1257 379 1372 436 ipsa,
1404 394 1520 436 quae
1549 394 1688 438 supra

199 445 553 489 memoravimus
581 445 636 487 de
664 445 837 489 Elissae
864 447 1016 490 indole
1037 448 1095 490 ab
1119 448 1346 492 historicis
1368 451 1530 508 priscis
1549 451 1687 493 fuisse

197 517 399 572 vulgata,
436 516 681 560 suaderent
719 522 768 560 ut
805 519 948 574 tyriae
987 520 1171 574 reginae
1209 524 1388 577 agreste
1429 522 1603 579 aliquid
1645 526 1689 564 et

197 587 486 631 intractabile
512 587 789 631 infunderet.

255 659 500 702 Enimvero
527 660 677 717 quarti
694 660 801 702 libri
827 660 964 702 finem
992 662 1037 703 in
1064 662 1185 704 hunc
1211 662 1353 705 ferme
1382 663 1569 706 modum
1597 664 1686 706 dis-

197 729 397 789 ponendi
422 729 547 773 haud
574 730 666 773 seio
694 745 751 773 an
783 746 909 774 inens
937 732 1163 790 quaedam
1190 732 1444 789 Vergilium
1478 735 1683 778 subierit.

197 802 314 844 Nam
356 800 539 859 quando
584 802 784 859 primum
828 802 944 845 Dido
987 804 1189 847 Aeneam
1240 804 1310 846 his
1361 805 1512 848 verbis
1563 821 1685 849 com-

196 873 338 932 pellat
365 887 374 917 ι

461 984 716 1017 Dissimulare
737 985 855 1018 etiam
878 986 1056 1026 sperasti,
1078 987 1235 1028 perside,
1260 991 1415 1022 tantum

460 1040 574 1073 posse
595 1032 719 1073 nefas,

192 1187 427 1232 exordium
470 1188 675 1246 profecto
714 1188 1039 1232 stomachantis
1073 1190 1187 1232 illud
1221 1195 1302 1242 est,
1335 1196 1378 1234 et
1413 1193 1471 1235 ad
1505 1194 1682 1250 majora

190 1275 293 1303 mox
321 1274 419 1304 sese
445 1260 721 1303 invecturae.
754 1260 927 1302 Exinde
956 1275 1062 1303 vero
1093 1277 1277 1304 cursum
1309 1262 1535 1320 Vergilius
1574 1281 1680 1323 pro—

188 1331 310 1373 tinus
338 1333 498 1384 mutat,
531 1334 574 1373 et
601 1331 731 1389 quasi
759 1345 862 1373 eum
902 1331 1053 1389 ipsum
1094 1333 1302 1390 proditae
1336 1333 1524 1377 Didonis
1565 1351 1679 1393 quo-

189 1401 434 1445 dammodo
462 1402 671 1460 puderet,
697 1402 755 1444 ad
782 1417 833 1445 ea
857 1403 1006 1460 potius
1030 1418 1076 1445 se
1098 1404 1237 1447 refert
1258 1420 1374 1462 quae
1397 1406 1454 1448 ad
1475 1411 1678 1449 nostram

185 1473 370 1529 reginae
409 1472 741 1516 conciliandam
774 1473 1139 1517 benevolentiam
1172 1475 1335 1518 idonea
1371 1477 1472 1520 sint.
1507 1478 1677 1521 Exorsa

185 1545 325 1601 igitur
349 1544 490 1587 feroci
517 1548 562 1588 et
599 1545 790 1588 altisono
825 1560 901 1588 ore
935 1545 1069 1599 Dido,
1101 1546 1157 1589 ad
1195 1546 1491 1591 submissiora
1527 1549 1676 1592 subito

187 1615 423 1660 descendit
453 1631 462 1661 z

735 1729 892 1771 perfide,
916 1732 1072 1763 tantum

349 1791 463 1825 posse
483 1783 606 1824 nefas,
629 1783 824 1825 tacitusque
844 1793 921 1815 mea
942 1783 1103 1816 decedere
1119 1789 1226 1819 terra.

181 1944 280 1988 Non
316 1944 412 2001 jam
447 1946 602 2003 igitur,
634 1945 970 1989 animadvertas
1010 1961 1202 2005 quaeso,
1240 1947 1480 1990 consilium
1519 1948 1670 2006 ipsum

183 2034 203 2056 «
239 2016 493 2060 decedendi
517 2036 536 2057 »
564 2044 620 2050 -—
651 2017 805 2075 (idque
833 2017 1129 2060 lenocinantis
1156 2018 1387 2073 εὐφημισμὸς
1410 2020 1491 2076 est)
1512 2044 1569 2051 -
1592 2020 1670 2062 ob-

175 2087 356 2144 jurgat;
399 2089 629 2131 silentium
670 2089 986 2131 tantummodo
1026 2090 1274 2147 profecturi
1315 2090 1667 2148 vituperandum

180 2164 347 2203 censet.
369 2160 426 2203 Et
447 2161 545 2216 jam
571 2160 676 2202 inde
704 2160 762 2202 al)
783 2160 869 2203 1100
895 2161 993 2203 1000
1016 2160 1240 2203 Didonem
1264 2160 1493 2218 Vergilius
1523 2163 1666 2206 oculis

177 2232 344 2274 nostris
371 2231 558 2288 subjicit
583 2232 728 2288 magis
763 2247 812 2274 ac
841 2232 985 2288 magis
1011 2233 1190 2288 (graeco
1217 2233 1291 2275 hic
1324 2248 1506 2292 quoque
1534 2235 1664 2277 venia

177 2303 254 2356 sit,
288 2306 443 2362 utpote
470 2304 668 2357 meliori,
701 2304 875 2362 opinor,
912 2304 1067 2361 verbo)
1104 2311 1419 2362 ταπεινουμένηνς
1450 2306 1663 2364 illiusque

174 2369 466 2428 humilitatis,
496 2375 777 2433 prolabentis
808 2390 948 2433 usque
976 2375 1033 2417 ad
1062 2379 1276 2429 extrema,
1298 2377 1487 2433 singulis
1514 2378 1665 2434 gradi-

173 2444 260 2488 bus
305 2446 585 2504 explicandis
630 2447 932 2489 libentissime
978 2450 1124 2490 vacat.
1176 2447 1356 2506 Quippe
1402 2449 1526 2506 quod
1572 2464 1662 2492 non

175 2517 322 2560 solum
368 2518 414 2560 in
459 2518 545 2561 hac
591 2519 742 2577 priore
788 2517 977 2561 Didonis
1016 2519 1074 2561 ad
1124 2519 1327 2562 Aeneam
1378 2520 1662 2564 oratiuncula

174 2588 380 2645 attingat,
400 2589 481 2632 sed
500 2590 547 2632 in
569 2589 750 2633 duobus
767 2590 956 2648 insuper
980 2590 1107 2643 locis,
1129 2590 1209 2633 ubi
1228 2591 1342 2633 tales
1364 2591 1422 2634 ad
1448 2591 1660 2636 lacrimas

171 2673 424 2719 precesque
452 2676 720 2704 conversam
746 2660 972 2704 Didonem
1000 2661 1211 2704 ostendit.

230 2729 363 2773 Initio
403 2736 576 2785 autem,
608 2747 711 2774 cum
738 2732 881 2775 nescit
908 2733 1144 2775 etiamtum
1170 2733 1329 2789 regina
1356 2749 1466 2776 num
1500 2735 1661 2777 immo-

171 2803 268 2843 tum
308 2802 539 2861 fixumque
579 2804 730 2846 animo
763 2803 943 2846 Aeneae
978 2804 1035 2846 sit
1062 2804 1202 2857 abire,
1233 2804 1329 2861 ejus
1358 2807 1658 2849 constantiam

174 2872 380 2917 sollerter
423 2889 642 2932 aggressa
684 2878 847 2929 tentat,
897 2875 933 2917 si
972 2890 1110 2933 quain
1151 2877 1526 2934 praeteritorum,
1586 2879 1657 2921 vel
