1889 3319
687 189 814 218 CAPUT
850 188 1080 217 SECUNDUM.
1573 173 1627 214 31

201 305 315 349 Cum
339 306 386 348 in
408 305 668 363 Euripideis
694 305 861 348 fabulis
889 303 1213 348 Andromacha
1242 321 1261 342 «
1291 303 1450 345 victori
1477 303 1587 345 hero
1605 321 1625 342 »

139 377 254 420 nihil
280 376 536 430 maledicat,
563 376 687 434 apud
706 376 957 433 Vergilium
974 378 1131 418 contra
1155 389 1288 417 suum
1304 375 1383 417 illa
1409 374 1454 417 in
1481 374 1629 433 Neop-

136 449 357 492 tolemum
382 447 555 500 odium,
586 449 795 506 quamvis
823 447 1050 500 decenter,
1076 446 1300 505 expromit
1330 460 1340 490 2

345 577 481 619 Stirpis
501 577 694 611 Achilleae
718 578 844 611 fastus
862 579 1126 620 juvenemque
1150 577 1403 618 superbum...

137 691 304 751 quibus
333 690 520 750 quidem
553 692 789 734 vocabulis
824 707 908 749 per
940 691 1121 749 ellipsin
1157 695 1200 733 et
1245 692 1374 748 quasi
1409 690 1493 732 sub
1527 690 1628 733 velo

138 762 336 821 quodam
362 761 586 818 Vergilius
614 762 897 805 intellectum
925 762 1056 804 nobis
1090 762 1198 804 facit
1225 761 1491 804 additicium
1516 760 1629 802 illud

138 833 389 890 flagitium:
409 833 740 875 scilicetaetate
764 833 861 888 jam
882 836 1145 891 provectam
1173 832 1412 874 mulierem
1435 831 1629 887 junioris

140 908 183 947 et
208 905 348 947 trucis
375 904 527 947 herois
553 904 735 946 libidini
763 910 895 962 quasi
921 904 1142 962 praedam
1167 904 1307 946 fuisse
1334 903 1564 953 traditam,
1587 905 1631 944 et

140 976 424 1034 amplexibus
452 975 792 1033 quodammodo
819 975 1065 1018 foedatam.
1096 975 1251 1017 Liceat
1278 975 1414 1026 enim,
1439 987 1626 1031 quaeso,

139 1047 331 1105 singulis
358 1046 549 1103 Vergilii
588 1047 741 1089 verbis
775 1047 978 1088 animum
1015 1046 1282 1098 advertere3
1321 1045 1405 1087 sub
1432 1059 1627 1101 quorum

138 1133 432 1177 unoquoque,
462 1118 551 1161 nisi
585 1118 736 1170 fallor,
773 1132 932 1162 sensus
967 1117 1077 1160 latet
1113 1131 1250 1175 quem
1279 1117 1376 1159 erui
1408 1116 1623 1174 prodest;

138 1193 182 1232 et
207 1189 292 1233 hae
320 1192 424 1234 sunt
450 1204 642 1232 arcanae
671 1203 875 1232 summae
902 1203 1094 1247 poeseos
1120 1188 1380 1231 illecebrae.

194 1260 404 1303 Vidimus
430 1276 613 1319 quoque
628 1260 923 1319 Euripideam
940 1260 1306 1303 Andromacham
1331 1259 1462 1311 miro,
1487 1258 1625 1300 immo

133 1333 274 1375 nimio
312 1346 466 1375 amore
501 1332 787 1390 complexam
826 1331 1018 1374 nothum
1050 1331 1181 1373 illum
1215 1345 1351 1389 quem
1386 1329 1441 1371 de
1477 1328 1626 1386 Neop-

132 1403 302 1446 tolemo
319 1404 478 1460 genuit
494 1404 559 1446 ¹...
578 1403 808 1459 Vergilius
835 1406 993 1445 contra
1014 1402 1226 1445 eumdem
1242 1403 1255 1423 ‘²
1277 1400 1626 1444 Andromachae

134 1488 242 1517 suae
270 1478 348 1517 aut
372 1475 507 1533 plane
534 1475 746 1528 invisum,
777 1477 855 1516 aut
882 1474 1042 1516 saltem
1076 1488 1214 1531 quam
1248 1473 1460 1515 minimae
1488 1485 1623 1514 curae

132 1545 272 1590 fuisse
298 1547 432 1588 tacite
461 1560 543 1588 nos
571 1545 703 1588 docet
729 1545 799 1587 his
826 1546 978 1588 verbis
1009 1560 1018 1589 :

587 1675 753 1708 Servitio
773 1675 913 1708 enixae
934 1674 1099 1708 tulimus
1161 1675 1174 1694 ³

132 1788 298 1846 quibus
325 1788 646 1847 amplificatur,
684 1792 733 1830 ut
763 1789 826 1830 ita
852 1788 1016 1841 dicam,
1059 1792 1101 1830 et
1135 1790 1438 1844 exaggeratur
1464 1788 1621 1843 partus

129 1917 260 1949 machae
284 1927 290 1948 :
313 1931 327 1946 «
345 1917 505 1948 Verumne
525 1921 573 1949 est
593 1917 679 1958 quod
698 1920 857 1956 narratur,
879 1927 951 1948 nam
971 1918 1024 1948 vix
1046 1917 1178 1948 credere
1198 1916 1310 1956 potui?
1326 1916 1488 1946 Servaene
1506 1914 1622 1955 obtigit

129 1965 312 2005 conjugium
334 1965 446 2006 Pyrrhi
462 1967 476 1996 ἱ)
497 1979 510 1993 »
534 1966 745 2005 Perspicuum
765 1968 814 1996 est
835 1966 877 1996 ibi
899 1966 938 1996 ab
962 1966 1069 1996 Aenea
1089 1964 1281 2002 interrogari
1301 1962 1560 1993 Andromacham
1580 1970 1621 1992 an

129 2021 206 2044 vera
227 2013 267 2043 sit
288 2013 341 2044 illa
362 2026 376 2041 «
401 2013 603 2044 incredibilis
625 2013 707 2043 sama
729 2025 742 2039 >1
759 2013 798 2043 de
818 2022 880 2053 qua
898 2022 995 2052 supra
1013 2022 1064 2044 vv.
1086 2011 1222 2043 204-297
1239 2011 1415 2041 nuntiatum
1436 2013 1494 2040 est.
1511 2009 1620 2048 Neque

129 2069 194 2091 non
213 2060 246 2090 in
266 2060 326 2091 hoc
348 2061 418 2092 loco
440 2061 568 2100 paulum
591 2060 751 2090 immorari
780 2069 896 2100 operae
921 2060 1058 2100 pretium
1079 2062 1139 2097 est,
1163 2060 1193 2089 in
1222 2067 1286 2099 quo
1313 2056 1517 2088 nuncetiam
1544 2056 1619 2086 hae-

129 2116 212 2147 rere,
234 2107 377 2148 illudque
404 2109 477 2148 plus
494 2108 593 2147 justo,
613 2110 879 2138 commentatores
893 2107 1049 2147 quosdam
1070 2108 1176 2144 video,
1199 2115 1299 2146 neque
1314 2109 1419 2136 tamen
1439 2105 1523 2135 idem
1544 2113 1619 2134 sen—-

129 2153 201 2187 tire.
225 2154 347 2186 Sensus
368 2158 416 2186 est
436 2155 488 2185 hie
510 2165 516 2185 :
540 2168 554 2183 (ι
578 2155 665 2186 Heu!
688 2158 857 2195 postquam
878 2154 1013 2185 amisisti
1034 2155 1204 2195 conjugem
1219 2154 1318 2190 illum,
1341 2153 1395 2192 qui
1409 2155 1514 2183 tantus
1530 2153 1619 2181 esset

128 2202 238 2242 heros,
265 2202 298 2232 in
317 2212 380 2243 qua
402 2212 487 2232 nunc
514 2202 643 2232 miseria
660 2202 763 2241 jaces,
782 2204 847 2240 aut,
870 2201 1028 2241 siquidem
1056 2201 1152 2232 hodie
1178 2202 1225 2242 (ut
1249 2201 1314 2240 jam
1341 2199 1463 2235 audivi)
1487 2198 1618 2229 meliore

128 2249 319 2280 condicione
346 2250 458 2287 uteris,
481 2259 562 2290 quae
585 2249 712 2280 fortuna
732 2249 810 2279 satis
833 2249 931 2289 digna
956 2251 986 2278 te
1011 2248 1157 2279 Hectoris
1178 2257 1312 2278 uxorem
1332 2247 1466 2278 revisit?
1485 2246 1614 2283 Utrum,

127 2306 240 2334 necne,
263 2297 379 2337 Pyrrhi
399 2297 505 2327 adhuc
523 2297 641 2336 conjux
662 2306 695 2327 es
710 2298 724 2326 ἱ)
750 2308 764 2323 »

170 2344 200 2376 1.
225 2344 272 2376 Cf.
295 2345 416 2381 Euam„
432 2344 613 2381 Δηώ-0111,
634 2344 742 2382 25-26,
761 2343 866 2381 45-55,
888 2343 940 2381 67,
962 2342 1013 2382 79,
1032 2343 1105 2380 406,
1126 2343 1198 2381 411,
1220 2342 1292 2374 441.

168 2391 199 2424 2.
224 2391 340 2422 Plures
363 2392 456 2423 etiam
480 2392 633 2432 genuisse
653 2391 865 2431 Neoptolemo
887 2391 971 2422 filios
999 2390 1209 2430 Lysimachus
1230 2390 1404 2421 historicus
1424 2389 1615 2420 tradiderat.

129 2438 180 2479 (V.
205 2438 343 2480 Fraym.
375 2438 453 2471 laist.
468 2447 604 2480 yraec„
637 2442 659 2469 t.
683 2439 735 2478 1ΙΙ,
757 2449 787 2479 p.
810 2437 884 2476 338,
906 2438 945 2470 fr.
969 2437 1017 2476 13,
1039 2447 1110 2468 cum
1131 2437 1359 2469 commentario
1381 2436 1484 2468 Caroli
1514 2435 1616 2466 Mum,-

126 2486 223 2527 Lem.)

167 2532 198 2564 3.
225 2533 335 2565 Sssavn
360 2536 392 2564 et
419 2534 645 2574 plerorumque
672 2533 855 2564 criticorum
878 2533 1046 2563 lectionem
1076 2535 1106 2563 et
1133 2532 1429 2572 interpretationem
1457 2531 1495 2561 de
1516 2530 1614 2561 verbo

129 2593 144 2608 α
166 2581 288 2612 enz'oeae
308 2593 322 2609 »
343 2590 473 2620 sequor.
495 2581 671 2620 Perperam
696 2581 861 2611 FAssmfflus
886 2583 916 2610 et
941 2580 1022 2610 ιΙΑΗΝ
1043 2581 1216 2619 explanant
1238 2589 1245 2609 2
1268 2593 1282 2607 «
1306 2588 1432 2619 semper
1457 2579 1615 2609 enitentes

127 2630 163 2658 ut
182 2628 315 2658 servitio
335 2628 508 2659 exiremus.
531 2640 545 2655 >›
567 2628 631 2658 Nec
652 2628 752 2667 magis
772 2627 871 2658 Nonio
892 2630 922 2657 et
947 2626 1060 2657 Vossio
1080 2627 1238 2657 assentior
1256 2639 1270 2655 «
1293 2626 1403 2657 labore
1423 2626 1613 2656 exercitae»

127 2675 431 2715 interpretantinus;
453 2685 556 2715 neque
569 2674 710 2705 Kvieiti
727 2678 811 2705 recte
828 2685 834 2705 t
856 2688 869 2702 «
884 2674 1006 2712 Eritne,
1028 2684 1098 2705 cum
1120 2674 1202 2710 nisu,
1217 2684 1287 2704 cum
1309 2673 1423 2704 studio.
1440 2686 1454 2700 υ
1474 2673 1544 2714 Ipse
1560 2673 1614 2703 1116

128 2725 269 2753 ceterum
289 2723 380 2753 addit
401 2733 409 2755 ς
433 2735 447 2750 «
469 2722 576 2753 Sollte
596 2732 677 2753 man
699 2732 770 2752 mm
788 2721 871 2752 aber
896 2722 1106 2758 einwenclen,
1139 2721 1202 2752 das
1230 2720 1405 2752 vielleicht
1434 2721 1492 2751 der
1524 2721 1613 2751 Ans-

129 2768 239 2800 druclc
260 2769 318 2800 des
337 2770 454 2810 Ez'fers
471 2769 544 2800 und
565 2769 625 2800 fler
645 2768 1002 2809 Dienstbeslissenlzeit
1031 2768 1105 2799 hier
1124 2768 1222 2799 nicht
1249 2777 1305 2799 am
1336 2768 1455 2799 Platze
1483 2768 1552 2804 ist,·
1576 2778 1612 2798 so

129 2816 246 2848 warde
266 2817 406 2857 darauf
421 2818 581 2847 eriivz'slml
612 2816 744 2847 werden
767 2816 913 2853 konnen,
944 2815 1025 2847 class
1046 2815 1129 2846 eben
1159 2815 1230 2846 dies
1260 2815 1315 2846 die
1341 2815 1518 2845 Sklcwerei
1550 2815 1613 2845 det·

129 2863 369 2895 Andromache
395 2874 436 2894 :n
463 2865 555 2895 einer
582 2864 761 2905 Ιναιινῐφη]
795 2863 942 2899 waclzte,
973 2864 1053 2893 dass
1082 2863 1132 2893 sie
1160 2863 1267 2903 eifriy
1296 2862 1365 2893 und
1395 2862 1610 2901 hereitwilliq

129 2909 195 2941 den
217 2910 484 2951 hochmmlziyen
511 2910 583 2941 und
602 2910 802 2941 verlzasslen.
824 2909 950 2941 Feinde
969 2909 1091 2940 dienen
1112 2911 1250 2940 mz'isste.
1276 2922 1289 2937 »
