1889 3319
256 182 312 224 84
866 195 966 223 PARS
1000 194 1136 224 Paion.

252 309 483 353 Bacchum
509 310 662 368 potius
681 309 1003 352 adventantem
1024 309 1228 352 Ariadna
1248 310 1464 353 subaudit
1479 311 1508 364 ¹,
1538 310 1742 353 consola-

252 385 493 439 turamque
539 381 789 424 «melioris
830 381 1008 423 mariti2
1052 399 1071 420 »
1115 396 1332 439 pompam
1365 397 1454 424 non
1493 382 1557 424 ita
1582 381 1742 440 procul

254 452 464 510 adspicit.
494 452 652 511 Neque
680 452 794 495 adeo
822 471 841 491 «
872 455 1105 495 externata
1127 453 1275 495 malo³
1295 472 1313 492 »
1345 456 1426 506 est,
1448 453 1541 496 sive
1571 456 1619 495 ut
1646 468 1742 496 mu-

252 523 387 566 lieres
413 523 650 566 universas
679 539 795 582 quae
824 524 913 566 sint
938 524 983 565 in
1012 524 1123 566 orbe
1151 527 1398 577 terrarum,
1435 524 1574 579 longa
1608 524 1741 567 nimis

253 595 480 648 oratione,
521 594 767 637 admonere
809 594 1108 653 supersedeat
1127 599 1155 646 ⁴,
1200 610 1256 638 ne
1291 595 1388 651 jam
1442 595 1593 638 infidis
1633 596 1740 638 viris

253 666 503 719 confidant3
533 667 626 709 sive
647 670 696 709 ut
722 667 768 709 in
793 666 1109 722 circumjectos
1136 667 1299 709 fluctus
1326 682 1616 725 procurrens,
1648 666 1742 710 hel-

250 738 345 780 lula
371 753 491 780 nunc
519 738 655 781 etiam
682 738 966 789 muliercula,
997 753 1086 780 non
1114 738 1291 780 attollat

683 867 892 901 nudatae...
918 868 1113 910 tegminae
1137 876 1251 901 surae
1262 869 1285 900 5.

309 981 377 1024 Ita
397 981 480 1024 fuit
506 981 826 1039 mythologicis
855 983 1133 1024 ornamentis
1162 982 1438 1025 circumdata
1474 982 1552 1025 illa
1579 982 1740 1026 Minois

248 1052 369 1094 filiae
397 1052 548 1095 fabula
578 1057 627 1095 ut
660 1053 779 1095 seria
816 1053 961 1095 videri
994 1068 1083 1095 non
1112 1054 1276 1112 possit,
1309 1069 1390 1096 nec
1416 1068 1571 1096 veram
1604 1054 1740 1098 mise-

248 1123 492 1165 ricordiam
520 1127 822 1177 commoveat,
853 1139 1001 1181 neque
1026 1124 1277 1166 humanum
1307 1128 1448 1167 sonet.

306 1193 456 1237 Unum
478 1199 629 1237 tamen
660 1210 682 1237 e
712 1195 890 1238 Catullo
919 1195 1152 1252 Vergilius
1190 1195 1474 1254 decerpsisse
1518 1195 1629 1238 mihi
1671 1195 1738 1237 vi-

247 1265 382 1309 detur
411 1280 419 1310 :

413 1395 450 1428 Si
472 1395 538 1427 tibi
561 1404 639 1428 non
660 1395 761 1428 cordi
784 1396 939 1429 fuerant
956 1397 1124 1430 conubia
1144 1401 1278 1431 nostra

472 1452 648 1482 attamen
670 1449 709 1482 in
729 1453 878 1483 vostras
902 1451 1061 1492 potuisti
1083 1452 1221 1484 ducere
1241 1451 1366 1491 sedes,

412 1511 510 1544 quae
531 1503 596 1536 tibi
614 1503 787 1544 jucundo
808 1505 1017 1538 famularer
1038 1514 1150 1539 sorva
1166 1505 1296 1539 labore
1310 1507 1334 1546 ss,
1356 1509 1428 1539 etc.

246 1617 379 1670 Quod
406 1617 591 1676 quidem
620 1633 723 1661 cum
750 1619 839 1661 illis
867 1620 1018 1678 quarti
1046 1619 1150 1663 libri
1179 1635 1315 1679 supra
1344 1620 1605 1662 memoratis
1633 1634 1733 1662 ver-

241 1689 367 1734 sibus
404 1690 766 1748 comparandum
800 1695 888 1744 est,
920 1692 998 1734 ubi
1033 1707 1187 1734 secum
1214 1692 1329 1735 Dido
1358 1692 1468 1750 quid
1496 1696 1652 1735 actura
1678 1693 1734 1735 sit

240 1765 458 1819 reputans
509 1762 754 1805 inducitur.
802 1762 933 1815 Quod
972 1768 1125 1806 tamen
1172 1768 1459 1822 assumptum
1501 1763 1732 1820 Vergilius

236 1847 327 1874 non
356 1833 580 1875 commisit
607 1836 656 1875 ut
688 1834 880 1876 crudum
909 1850 1096 1892 prorsus
1136 1851 1284 1893 neque
1311 1837 1602 1878 immutatum
1631 1835 1732 1878 red-

237 1902 381 1946 deret.
433 1905 548 1946 Sunt
595 1905 714 1947 enim
769 1905 1067 1961 cogitationes
1107 1906 1359 1964 quaedam,
1408 1921 1544 1964 quas,
1589 1907 1672 1949 etsi
1706 1922 1731 1950 a

232 1973 529 2017 veliementer
577 1980 804 2019 commoto
856 1976 1007 2019 animo
1066 1977 1311 2031 admissas,
1366 1977 1517 2020 verbis
1576 1983 1728 2021 tamen

234 2045 387 2103 palam
426 2046 631 2104 proferre
674 2048 745 2089 vix
782 2047 947 2090 audeat
981 2049 1145 2106 quivis.
1190 2049 1461 2107 Quanquam
1494 2050 1632 2105 igitur
1670 2049 1728 2092 ad

233 2117 385 2159 onmia
413 2121 621 2175 paratam
649 2133 747 2160 esse
776 2118 1001 2162 Didonem
1025 2120 1246 2178 suspicari
1274 2121 1404 2163 nobis
1441 2121 1566 2173 licet,
1598 2121 1728 2164 abest

232 2191 384 2230 tamen
413 2193 461 2231 ut
500 2204 666 2232 nomen
702 2190 864 2232 saltem
900 2191 1110 2235 famulitii
1150 2207 1239 2234 non
1277 2192 1489 2246 horreat3
1523 2208 1575 2236 ac
1601 2196 1725 2236 tanto

275 2330 304 2362 1.
328 2330 505 2362 Ovidianae
529 2332 690 2363 Ariadnae
712 2333 818 2373 (Fasc.
836 2333 887 2371 ΙΙΙ,
910 2334 966 2365 461
991 2335 1076 2375 sqq.)
1098 2333 1278 2365 Catulliana
1298 2334 1471 2374 persimilis
1486 2337 1556 2365 est:

565 2416 629 2442 Jam
651 2416 722 2443 bene
739 2417 857 2452 perjuro
880 2422 1007 2445 mutarat
1022 2418 1146 2453 conjuge
1169 2418 1346 2448 Bacchum..
1359 2437 1365 2444 .

568 2457 653 2484 Sorte
674 2458 729 2484 tori
746 2459 892 2494 gaudens.
913 2460 989 2492 Quid
1009 2460 1109 2486 [lebam
1129 2459 1260 2487 rustica?
1279 2460 1367 2493 dixin

655 2500 769 2527 Utiliter
790 2501 874 2528 nobis
889 2501 1019 2536 perfidus
1036 2501 1086 2529 ille
1104 2501 1171 2529 suit.

293 2558 299 2564 .
322 2543 409 2572 wa,
433 2533 504 2565 165.

321 2591 406 2619 Lxu',
430 2581 489 2613 143
510 2592 580 2623 sqq.

294 2655 300 2661 .
323 2629 432 2666 Ovm.,
458 2629 549 2667 Her.,
569 2630 606 2667 ll,
626 2631 679 2662 79.

322 2687 406 2716 mv,
431 2677 499 2708 130.
522 2696 563 2700 —
583 2678 631 2710 Cs.
656 2679 769 2717 Corn,
792 2680 847 2711 ΕΙ.
867 2689 930 2711 sm·
951 2679 1099 2719 Catulle,
1123 2691 1152 2720 p.
1177 2680 1237 2711 220
1252 2691 1314 2721 sq„
1337 2680 1408 2712 233.

294 2749 299 2754 .
322 2734 408 2765 miv,
431 2725 490 2756 158
514 2735 583 2766 sqq.
607 2744 645 2748 —
669 2727 773 2764 Ems,
798 2728 923 2759 Comme.
946 2738 987 2759 οη
1012 2728 1192 2766 Catullus,
1219 2738 1249 2769 p.
1268 2729 1348 2768 311,
1371 2732 1457 2760 reete
1479 2730 1603 2762 confert
1627 2731 1722 2763 Eum-

229 2782 332 2810 PlDEM,
357 2773 582 2813 f1·ag.cxxx111,
605 2775 656 2805 ed.
680 2775 785 2806 Nil-cx
808 2786 814 2806 :

266 2534 298 2754 οιςπὼςιοω

395 2856 502 2897 ’ΆΥΟΌ
524 2857 556 2890 δῖ’
579 2859 627 2895 μ’,
650 2857 675 2890 ὦ
698 2859 775 2899 ξέν’,
799 2860 859 2892 ἔιτε
882 2863 1073 2902 πρόσπολον
1098 2861 1195 2898 θέλεις

397 2904 458 2936 εἴτ’
482 2904 618 2947 ἄλοχον,
641 2906 702 2939 εἴτε
719 2907 886 2948 δμωίδα...
