1889 3319
253 191 336 234 120
807 207 908 236 PARS
940 207 1179 237 PosTssruoR.

249 336 330 363 cur
374 321 603 377 Vergilius
636 337 723 365 non
761 323 982 366 edisserat
1012 323 1092 366 illa
1123 338 1256 382 quae,
1289 342 1309 362 «
1341 323 1484 366 multa
1513 341 1533 362 «
1561 327 1731 378 tamen,

251 410 271 431 «
302 393 500 435 moriens
528 392 661 436 effata
689 412 709 433 »
740 397 858 437 esset
878 395 942 437 ¹...

308 463 426 506 Num
471 479 578 506 vero
616 465 934 520 ingruentibus
973 465 1182 522 Trojanis
1221 467 1432 509 Amatam
1471 469 1577 508 tunc
1622 469 1736 508 tem-

247 535 371 592 poris
399 534 516 577 male
544 536 721 593 precari
747 537 973 595 oportuit?
998 538 1058 579 At
1086 537 1199 579 illud
1233 552 1322 579 non
1357 537 1523 586 decuit,
1555 537 1734 595 opinor,

250 605 335 648 sub
373 605 510 648 finem
551 607 701 664 operis
733 607 919 650 fatalem
950 607 1133 650 Aeneae
1168 609 1403 651 victoriam
1437 607 1738 650 moribundae

249 677 452 719 mulieris
489 678 897 736 imprecationibus
937 679 1067 737 quasi
1109 679 1299 722 foedari.
1331 705 1387 710 -—
1427 679 1545 721 Num
1585 682 1743 721 contra

250 747 306 790 de
341 763 421 791 sua
455 752 595 802 sorte,
635 753 679 792 et
712 749 872 802 Turni,
904 754 948 793 et
986 750 1156 804 Latini,
1204 754 1248 793 et
1288 750 1528 803 Laviniae,
1574 750 1740 792 iterum

248 819 549 875 ingemiscere
594 819 894 878 expediebat?
931 821 991 864 At
1028 821 1139 880 quid
1176 822 1222 864 in
1270 822 1474 880 repetitis
1513 819 1741 877 ejusmodi

250 891 448 949 querelis
476 891 624 934 inesse
652 893 757 934 novi
784 893 1020 951 posset?...

308 962 501 1020 Propter
526 962 613 1006 hoc
640 964 903 1022 praecipue,
935 963 1088 1017 eredo,
1131 964 1354 1007 moritura
1390 967 1509 1007 tacet
1547 964 1594 1006 in
1630 963 1741 1006 duo-

249 1032 427 1076 decimo
454 1034 673 1077 Aeneidis
706 1035 825 1078 libro
860 1035 1044 1089 Amata,
1076 1035 1200 1094 quod
1227 1036 1396 1094 optime
1433 1035 1608 1078 effictae
1641 1035 1739 1092 ejus

247 1105 437 1161 imagini
470 1106 584 1148 nihil
622 1107 810 1165 insuper
848 1107 954 1149 addi
989 1107 1182 1165 potuit2.
1217 1107 1453 1160 Quaedam
1480 1106 1738 1162 Vergilium

248 1177 493 1235 perfecisse
522 1177 777 1231 credamus,
808 1193 993 1236 quaeso,
1023 1178 1171 1221 liceat.

290 1337 318 1368 1.
342 1338 440 1375 Aen„
463 1336 532 1375 ΧΠ,
555 1336 704 1369 600-601.
725 1337 772 1368 Cf.
791 1337 821 1368 in
845 1337 926 1367 huuc
949 1337 1051 1368 locum
1073 1337 1265 1370 Coxixeros.

289 1386 319 1417 2.
344 1386 477 1415 Sssnvu‘s
500 1395 507 1416 :
530 1399 587 1418 «...
610 1386 671 1415 Alii
705 1385 816 1416 dicunt
844 1386 928 1425 quod
959 1386 1073 1416 Amata
1104 1386 1212 1416 inedia
1241 1396 1274 1415 se
1308 1386 1514 1418 interemerit.
1539 1398 1553 1413 »
1578 1385 1737 1426 Vergilius

248 1433 356 1474 potius
384 1433 526 1470 censuit,
550 1433 695 1464 Amatam
721 1432 860 1473 seipsum
892 1433 1109 1473 suspendere,
1134 1433 1218 1473 quod
1247 1433 1390 1472 rapidior
1420 1433 1497 1463 haec
1526 1442 1612 1463 mors
1632 1433 1663 1463 in
1684 1433 1738 1463 illa

250 1481 433 1512 duodecimi
457 1480 529 1511 libri
552 1480 631 1517 flue,
653 1481 706 1511 ubi
734 1480 841 1511 sabula
861 1480 900 1510 ad
922 1481 1041 1511 exitum
1065 1481 1210 1518 festinat,
1233 1481 1334 1520 magis
1355 1489 1468 1511 revera
1491 1480 1607 1511 idonea
1627 1484 1735 1519 esset;

250 1528 382 1566 deiude,
414 1528 542 1565 forsan,
574 1528 661 1568 quod
698 1528 783 1568 apud
811 1530 938 1558 veteres
964 1528 1123 1559 Romanos
1149 1528 1370 1568 hujuscemodi
1396 1528 1605 1558 voluntariam
1627 1537 1738 1559 necem

250 1575 392 1606 dedecus
418 1576 582 1615 quoddam
611 1579 812 1616 sequeretur.
842 1589 856 1604 «
887 1575 971 1606 Sane
999 1576 1182 1613 sciendum,
1210 1576 1311 1615 inquit
1335 1575 1492 1613 Samius,
1514 1577 1591 1616 quia
1610 1579 1736 1606 cautum

250 1624 355 1654 suerat
373 1624 402 1653 iu
428 1623 673 1653 Pontificulibus
696 1623 789 1654 libris
815 1627 848 1653 ut
871 1623 925 1663 qui
947 1624 979 1653 in
1001 1623 1117 1664 laqueo
1145 1624 1241 1654 vitam
1271 1624 1395 1654 linisset
1416 1624 1595 1664 insepultus
1616 1623 1736 1663 abjice—

247 1674 348 1703 retur,
374 1683 387 1698 υ
410 1670 492 1701 Fieri
515 1674 621 1711 potest
641 1674 672 1701 ut
696 1674 791 1710 poeta
811 1671 950 1701 volum-it
970 1674 1109 1702 atrocem
1130 1672 1260 1702 Aeneae
1280 1671 1439 1702 inimicam
1455 1681 1546 1701 suum
1567 1671 1598 1701 in
1617 1670 1735 1704 Homa-

247 1728 361 1750 norum
381 1720 503 1759 putrem
525 1718 633 1748 odium
656 1732 669 1745 «
694 1719 838 1749 informis
862 1719 914 1749 leti
939 1731 952 1745 υ
974 1719 1067 1760 quusi
1091 1728 1192 1759 poeuu
1216 1718 1315 1749 luere.
