1889 3319
714 206 841 235 CAPUT
877 208 1072 236 TERTlt‘M.
1583 194 1638 234 65

152 320 443 374 verecundia,
485 320 715 377 Vergilius
756 337 802 364 se
836 326 1036 380 praestat
1074 338 1176 366 cum
1220 323 1445 366 Didonem
1497 323 1639 366 oculis

152 393 320 436 nostris
359 392 544 449 subjicit
585 410 605 431 «
636 407 777 435 vacua
815 412 834 433 »
878 393 1014 436 domo
1053 398 1333 449 contentam,
1375 394 1638 453 stratisque,

153 477 301 522 nuper
326 463 384 506 ab
411 466 561 506 amato
590 463 684 506 viro
711 463 875 506 relictis
891 467 920 517 ¹,
942 464 1243 507 incubantem.
1270 466 1426 523 Neque
1456 465 1640 507 tandem

153 534 527 590 diligentissimus
555 534 838 577 obliviscitur
863 539 996 593 poeta
1023 536 1137 577 illud
1165 537 1306 578 amori
1329 537 1637 592 conjunctum,

154 621 244 664 quo
269 605 501 648 invaditur
527 606 720 649 amantis
749 607 941 658 animus,
970 607 1089 649 soliti
1116 607 1287 650 laboris
1322 607 1555 650 fastidium
1584 608 1596 629 ²
1629 621 1637 650 :

504 760 587 792 Non
610 762 767 801 coeptae
786 763 999 802 assurgunt
1021 763 1162 798 turres,
1184 764 1244 794 etc
1254 761 1278 793 3.

153 895 283 940 Unde
322 897 615 954 perspicuum
656 896 718 948 fit,
759 896 940 954 opinor,
991 898 1197 955 quamvis
1235 898 1366 940 aliter
1417 899 1640 941 senserint

154 967 375 1021 nonnulli,
398 983 501 1010 cuni
523 968 716 1009 maxima
736 983 841 1009 cura
871 968 1068 1011 describi
1090 970 1282 1027 punicae
1310 971 1494 1026 reginae
1517 984 1639 1012 amo-

152 1039 213 1081 ris
239 1038 533 1082 incrementa.
564 1038 686 1081 Nihil
714 1040 833 1081 enini
862 1039 1149 1082 desideratur
1169 1041 1214 1082 in
1241 1041 1328 1083 ista.
1354 1041 1634 1098 plenissima,

152 1110 258 1153 licet
272 1110 556 1165 brevissima,
577 1111 875 1169 explicatione
894 1126 1049 1156 versus
1070 1112 1199 1154 istius
1223 1113 1349 1155 initio
1366 1113 1606 1171 praemissi
1627 1127 1635 1157 :

608 1265 731 1298 Uritur
750 1265 887 1298 infelix
906 1266 1041 1299 Dido...

154 1396 268 1444 Nam
297 1402 527 1460 quomodo
555 1402 626 1443 vel
653 1403 697 1444 in
727 1418 917 1461 corpore
946 1403 1038 1455 illa,
1071 1404 1142 1446 vel
1170 1404 1213 1445 in
1243 1404 1411 1454 animo,
1443 1404 1513 1446 vel
1542 1405 1635 1462 pri—

153 1473 291 1516 vatim
319 1473 390 1516 vel
422 1473 606 1532 publice
636 1492 655 1512 «
687 1478 845 1516 uratur
873 1493 909 1527 »,
948 1474 1296 1530 diligentissime
1336 1475 1448 1518 haec
1489 1477 1640 1518 onmia

157 1544 398 1602 Vergilius,
424 1548 468 1587 et
493 1545 635 1587 multo
664 1545 928 1601 diligentius
957 1561 1092 1604 quam
1121 1546 1391 1605 Apollonius
1421 1549 1463 1589 et
1490 1546 1640 1589 Catul-

153 1616 240 1670 lus,
271 1616 526 1659 edisseruit.

211 1687 617 1731 Verumenimvero
644 1703 733 1731 non
762 1688 909 1731 solum
937 1688 1092 1731 videre
1120 1703 1200 1732 nos
1226 1689 1302 1731 ille
1326 1689 1422 1731 vult
1452 1707 1471 1730 ((
1491 1690 1642 1733 furen-

152 1763 245 1803 tem
275 1779 294 1800 >›
334 1759 582 1812 Didonem,
625 1760 706 1802 sed
746 1763 789 1802 et
828 1760 1035 1803 misereri
1059 1763 1151 1802 tam
1179 1760 1355 1819 perdite
1384 1760 1642 1805 demersam

152 1831 199 1873 in
224 1845 426 1874 amorem
466 1846 604 1889 quem
647 1831 891 1873 infeliciter
931 1846 1250 1874 successurum
1291 1846 1389 1874 esse
1430 1833 1642 1875 sciamus.

152 1901 270 1945 Illud
298 1903 418 1945 enim
446 1907 548 1946 ante
575 1903 742 1957 omnia,
768 1903 884 1947 sicut
911 1918 1050 1961 supra
1078 1903 1208 1961 coepi
1235 1903 1492 1956 ostendere,
1518 1903 1645 1946 cordi

151 1974 312 2027 habet,
355 1978 404 2018 ut
453 1978 609 2018 nostra
658 1975 866 2033 peccanti
916 1975 1112 2017 feminae
1154 1975 1489 2023 benevolentia,
1534 1976 1641 2033 quin

194 2154 223 2186 1.
249 2153 302 2184 Sic
323 2154 406 2185 enim
427 2163 478 2184 vv.
498 2153 608 2191 82-83,
625 2164 643 2184 a
664 2153 826 2193 plerisque
847 2163 931 2184 nunc
946 2155 1177 2194 interpretibus
1193 2156 1236 2194 (v.
1258 2155 1426 2192 Fonamea,
1450 2154 1644 2192 Commms)

152 2201 392 2241 intelleguntur.
409 2201 478 2239 Qua
497 2204 601 2232 autem
623 2204 726 2232 mente
748 2201 829 2231 Dido
851 2201 881 2231 in
904 2202 1031 2239 lectum,
1046 2202 1076 2232 in
1099 2211 1160 2242 quo
1175 2212 1245 2232 cum
1269 2203 1375 2233 Aenea
1397 2212 1525 2233 mensae
1547 2213 1642 2233 acru-

151 2249 276 2286 huerat,
290 2252 523 2289 prosternatur,
538 2249 669 2280 Ovmius
685 2249 753 2278 fuse
769 2258 804 2279 ac
820 2249 982 2279 liberrime
995 2249 1146 2289 explanat
1165 2250 1269 2288 (Herm,
1283 2260 1315 2286 x,
1333 2249 1369 2280 51
1386 2259 1470 2290 sqq.;
1484 2260 1540 2287 xv,
1556 2249 1639 2287 149),

194 2297 224 2329 2.
248 2296 314 2328 Nec
334 2296 498 2337 Vergilius
524 2296 601 2328 alibi
629 2296 771 2327 indicare
792 2297 910 2327 omittit
933 2297 1050 2337 quibus
1079 2297 1199 2327 intenta
1227 2297 1392 2328 laboribus
1423 2297 1518 2328 fuerit
1543 2297 1639 2335 Dido,

152 2345 258 2385 quoad
279 2345 439 2376 duravere
459 2344 567 2376 felices
585 2344 686 2374 mutui
708 2344 800 2374 istius
821 2344 939 2375 amoris
960 2344 1030 2375 dies
1053 2354 1059 2375 z
1080 2345 1119 2375 cs.
1143 2344 1196 2383 IV,
1219 2345 1279 2375 ‘262
1301 2354 1370 2385 sqq.
1396 2355 1402 2375 :

506 2433 652 2468 Tyrioque
670 2432 806 2467 (Aeneae)
824 2433 946 2459 ardebat
966 2433 1076 2460 murice
1096 2434 1175 2460 laena

504 2474 637 2502 Demissa
655 2482 686 2500 ex
703 2474 843 2507 humeris,
863 2474 947 2501 dives
966 2482 1039 2509 quae
1054 2483 1175 2501 munera
1196 2475 1268 2501 Dido

506 2516 636 2549 Fecerat,
658 2520 686 2542 et
708 2516 787 2542 tenui
809 2515 880 2542 telas
896 2516 1077 2543 discreverat
1095 2524 1176 2543 auro.

193 2558 249 2596 Xl,
270 2558 310 2589 72
332 2568 338 2589 :

505 2606 578 2633 Tum
595 2605 728 2640 geminas
749 2608 855 2639 vest-22,
875 2608 955 2632 ostro
973 2613 1100 2640 auroque
1119 2606 1246 2640 rigentes

506 2647 619 2674 Extulit
632 2647 754 2680 Aeneas,
767 2654 840 2681 quas
857 2646 898 2673 illi
919 2648 998 2674 laeta
1013 2647 1155 2674 laborum

505 2689 570 2724 Ipsa
588 2689 650 2715 suis
667 2688 813 2723 quondam
826 2688 962 2715 manibus
981 2687 1100 2715 Sidonia
1116 2688 1190 2715 Dido

504 2731 631 2763 Fecerat,
650 2733 704 2757 etc.

192 2813 222 2845 3.
248 2814 347 2852 Quam
368 2815 497 2855 quidem
517 2813 750 2854 neglegentiam
771 2823 807 2844 eo
829 2814 930 2853 magis
948 2814 1048 2845 lector
1069 2816 1198 2854 stupere
1220 2815 1316 2846 debet
1333 2824 1395 2856 quo
1417 2815 1517 2853 magis
1537 2814 1640 2845 inten-

152 2863 214 2892 tam
231 2863 330 2903 regiis
350 2863 504 2903 operibus
518 2861 585 2892 suis
608 2861 762 2891 Didonem
774 2861 936 2901 Vergilius
958 2871 1055 2902 supra
1070 2862 1267 2893 ostenderat.
1287 2861 1348 2902 (Cf.
1363 2862 1386 2899 Ι,
1404 2861 1476 2899 502,
1489 2861 1549 2892 507
1564 2871 1637 2902 sqq.

151 2907 238 2948 563.)
