1889 3319
723 225 851 255 CAPUT
885 228 1061 256 PRIMUM.
1609 217 1635 258 7

148 338 361 392 tolemus,
380 338 618 380 etiamtum
636 337 833 394 juvenis,
854 341 995 398 patris
1019 342 1089 383 sui
1108 343 1437 386 commilitones
1459 348 1502 386 et
1529 345 1637 386 ami-

152 423 228 453 cos
256 409 539 452 consuluisse
574 409 790 463 creditur,
823 427 911 469 qna
936 412 1109 454 ratione
1138 413 1360 470 quibusve
1391 415 1550 456 studiis
1586 431 1636 458 ac

149 479 385 531 laboribus
425 481 626 538 patrium
662 481 801 523 decus
844 484 1130 526 tueretur¹...
1162 483 1440 535 Quantulum
1481 486 1634 541 igitur,

149 551 195 593 in
215 554 340 594 tanta
359 551 588 594 variarum
609 552 910 595 redundantia
932 569 1085 596 rerum
1102 559 1145 597 et
1166 555 1209 597 in
1232 556 1315 598 hac
1331 557 1477 613 spissa
1499 571 1635 611 agen-

150 623 264 664 tium
288 637 591 681 personarum
627 623 777 676 turba,
808 623 1158 667 Andromachae
1196 626 1337 669 indoli
1374 627 1638 671 describen-

153 693 238 736 dae
266 693 479 752 spatium,
511 694 781 752 quantulum
810 698 991 754 tempus
1021 698 1281 754 supererat!

211 764 369 822 Neque
396 779 504 807 vero
541 765 738 823 amplior
764 767 804 807 ei
830 766 957 809 locus
987 767 1175 809 concedi
1208 768 1355 825 potuit
1392 769 1435 810 in
1466 768 1640 827 Sopho-

155 836 235 879 clis
264 839 308 878 et
333 835 450 878 Livii
468 835 718 879 Andronici
733 840 809 879 aut
830 837 1015 880 Pacuvii
1031 838 1086 880 de
1115 838 1358 881 Hermiona
1374 840 1635 895 tragoediis,

155 922 268 966 quas
286 906 345 950 ab
364 906 639 965 Euripideae
668 907 1012 951 Anslronmclaae
1041 913 1310 964 argumento
1338 910 1638 969 discrepuisse

155 978 398 1021 arbitror².
437 977 554 1020 Nam
590 978 802 1036 Delphis,
842 995 932 1022 non
973 981 1017 1022 in
1057 980 1213 1038 Epiro,
1255 996 1327 1023 res
1370 982 1636 1037 agebatur&

156 1064 365 1108 quaeque
404 1049 450 1091 in
483 1048 572 1092 fine
606 1050 921 1092 tantummodo
954 1051 1230 1108 Euripideac
1268 1052 1449 1094 fabulae
1483 1054 1642 1095 recita-

155 1123 244 1175 tur,
274 1120 564 1179 Neoptolemi
587 1119 750 1163 caedes
774 1121 831 1164 ab
848 1121 1006 1164 Oreste
1033 1122 1133 1180 ipso
1162 1122 1249 1179 (vel
1271 1139 1293 1165 a
1323 1119 1521 1181 quodam
1542 1124 1640 1180 ejus

156 1191 422 1249 amicorum)
452 1195 646 1250 patrata,
677 1193 925 1250 praecipua
952 1193 1006 1235 iis
1028 1194 1073 1235 in
1100 1194 1347 1249 tragoediis
1375 1210 1479 1252 pars
1502 1196 1642 1237 actio-

157 1263 226 1306 nis
248 1263 332 1306 fuit
352 1267 396 1305 et
414 1263 472 1306 ad
492 1278 629 1321 quam
651 1267 811 1306 cuncta
830 1268 1085 1320 vergerent.
1107 1264 1344 1307 Praeterea
1365 1266 1408 1307 in
1432 1281 1640 1308 scaenam

155 1334 510 1387 inducebantur,
552 1361 609 1365 —
649 1335 810 1378 saltem
849 1337 893 1377 in
938 1336 1088 1378 latinis
1129 1336 1404 1390 Hermonis,
1446 1363 1502 1368 —
1541 1353 1642 1380 cum

159 1406 409 1449 Hermiona
443 1406 542 1464 ipsa
569 1410 613 1448 et
646 1406 967 1464 Neoptolemo,
1012 1406 1210 1460 Orestes,
1248 1407 1463 1464 Pylades,
1494 1409 1644 1451 Mene-

157 1477 273 1531 laus,
303 1478 442 1520 immo
470 1477 760 1534 Tyndareus;
787 1492 980 1536 cumque
1007 1478 1323 1536 Sophocleum,
1354 1494 1443 1521 non
1465 1479 1645 1538 Euripi-

160 1548 341 1602 deam‘g
380 1548 675 1592 Hermionam
711 1549 768 1591 ab
808 1549 1068 1591 Andronico
1104 1553 1145 1591 et
1179 1565 1204 1592 a
1234 1550 1431 1592 Pacuvio
1471 1552 1563 1593 sive
1598 1552 1644 1594 in

159 1620 349 1663 latinum
373 1635 629 1663 sermonem
652 1620 934 1674 translatam,
952 1621 1045 1662 sive
1065 1625 1369 1674 retractatam,
1391 1637 1442 1663 ex
1462 1622 1644 1664 illorum

159 1691 429 1747 fragmentis
473 1692 729 1734 existimare
775 1691 878 1747 jure
913 1691 1067 1743 liceat,
1111 1691 1216 1733 inde
1266 1693 1471 1750 sequitur
1515 1697 1562 1735 ut
1600 1693 1644 1735 in

161 1762 334 1806 Latinis
360 1762 635 1816 Hm’tm'om's,
668 1763 783 1805 sicut
811 1766 853 1804 et
880 1763 923 1804 in
952 1777 1136 1819 ¹graeca,
1174 1767 1401 1805 certamen
1441 1765 1644 1822 profecto

120 1828 126 1832 ¹
163 1837 207 1876 et
237 1833 471 1876 altercatio
512 1847 663 1876 coram
698 1833 903 1876 Menelao
942 1833 1078 1875 fuerit
1109 1834 1226 1875 inter
1269 1834 1641 1892 Neoptolemum,

163 1905 236 1948 cui
271 1905 378 1948 data
415 1905 582 1961 conjux
616 1904 862 1947 Hermiona
887 1905 1060 1957 fuisset,
1093 1908 1136 1947 et
1170 1905 1397 1959 Orestem,
1435 1906 1506 1948 cui
1545 1921 1647 1964 pro-

163 1976 342 2019 missa⁵.
367 1976 572 2034 Denique
588 1976 673 2018 ista
702 1976 797 2018 sine
823 1975 962 2018 dubio
991 1990 1088 2019 esse
1116 1975 1275 2018 debuit
1302 1977 1436 2021 totius
1464 1977 1644 2020 fabulae

206 2110 235 2142 1.
261 2111 309 2143 Cf.
335 2111 387 2144 Tr.
417 2111 481 2144 lat.
504 2111 581 2150 rel„
605 2112 655 2144 ed.
689 2112 847 2149 Ribbeck,
871 2122 902 2152 p.
930 2111 980 2149 53,
1004 2111 1042 2141 sr.
1078 2120 1149 2149 xm3
1173 2111 1318 2148 [hesi-:cuy
1351 2112 1384 2142 (ί.
1411 2112 1495 2142 rom.
1531 2112 1644 2153 Trczy„

163 2168 195 2200 p.
218 2159 278 2191 140
297 2169 368 2201 sqq.

204 2206 235 2240 2.
262 2207 414 2247 Rmsssscx,
450 2217 503 2248 op.
539 2208 610 2245 cil„
642 2217 671 2247 p.
703 2207 754 2245 31,
788 2207 866 2237 Livii
907 2206 1084 2236 Andronici
1114 2206 1322 2237 Hermionae
1358 2209 1577 2246 argumentum
1606 2216 1645 2237 ex

165 2254 282 2286 Hmim
307 2255 415 2286 fabula
436 2255 496 2286 123
528 2255 694 2286 verisimili
729 2254 915 2293 ‹1011j‹›0u11·;1
936 2254 1104 2284 restituere
1130 2254 1204 2283 milii
1233 2254 1370 2290 vim-tur,
1393 2257 1527 2293 excepto
1559 2255 1645 2294 quod

163 2302 248 2334 infra
267 2303 306 2333 de
327 2302 552 2334 Andromacha
573 2302 858 2333 animadversurus
881 2310 960 2332 sum.
984 2319 1021 2322 —
1050 2301 1179 2331 Pacuvii
1205 2300 1422 2331 Hermionam
1447 2300 1646 2341 Sophocleae

165 2350 364 2381 consimilem
384 2351 484 2381 fuisse
501 2350 634 2380 umam<
656 2359 725 2380 cum
748 2348 908 2379 wemma
931 2349 1090 2388 opinatur.

205 2396 236 2429 3.
262 2397 439 2435 Wacmza,
463 2407 495 2438 p.
520 2397 599 2435 221;
626 2397 768 2433 Rnfflizcn,
789 2395 821 2427 d.
849 2398 931 2426 t‘t'mz.
958 2396 1070 2435 Trass„
1094 2405 1123 2435 p.
1146 2394 1294 2426 Qui-262.

206 2444 236 2477 4.
263 2444 355 2482 Quod
380 2454 478 2485 supra
499 2445 538 2475 de
560 2445 613 2474 illa
636 2444 826 2483 liuripideac
846 2443 1120 2477 Andromachae,
1143 2443 1267 2482 qualem
1290 2442 1424 2479 induxit,
1448 2443 1530 2482 apud
1549 2442 1646 2473 Grue—

166 2501 222 2523 cos
245 2493 386 2523 novitate
407 2495 437 2522 et
464 2492 633 2522 insolentia
662 2491 781 2528 notavi,
807 2491 886 2520 idvm
912 2491 971 2520 huc
1004 2491 1104 2530 magis
1136 2491 1230 2520 etiam
1266 2490 1384 2519 Latinis
1413 2491 1648 2528 spectatoribus

167 2540 328 2579 convenit,
350 2540 468 2580 quibus
499 2540 661 2570 fastidium
686 2539 862 2569 movissent
893 2538 1025 2568 frivolae
1059 2538 1137 2567 istae
1172 2537 1253 2566 inter
1283 2546 1411 2566 uxorem
1444 2540 1474 2567 et
1501 2538 1648 2576 pellicem

166 2587 408 2619 altercationes.

208 2635 239 2666 5.
269 2635 443 2672 WELCKER,
461 2644 514 2676 op.
530 2635 603 2671 cit,
626 2644 656 2674 p.
680 2633 739 2664 220
761 2643 830 2673 sqq.
855 2650 895 2654 —
917 2632 1014 2671 Cujus
1036 2631 1250 2662 contentionis
1272 2634 1475 2661 numunurnta
1498 2641 1649 2662 recenseo

168 2683 230 2714 ista
259 2683 389 2714 PACUVII
418 2683 502 2723 apud
533 2682 656 2713 Noxusii
689 2683 862 2721 fragmenta
886 2690 892 2710 :
923 2680 956 2710 10
979 2679 1040 2719 (ed.
1078 2680 1111 2711 L.
1142 2679 1300 2715 Mrenmzn,
1330 2678 1351 2715 Ι,
1375 2688 1404 2718 1).
1428 2678 1500 2717 261)
1520 2689 1526 2709 ;
1550 2693 1564 2707 «
1593 2682 1650 2709 [no

163 2730 302 2772 judicio
324 2739 414 2771 quae
435 2739 548 2760 omnes
571 2729 693 2760 Graios
714 2728 888 2759 [etima-im
909 2728 943 2766 (i.
965 2736 993 2759 c.
1015 2726 1218 2761 detinuerim,
1242 2725 1470 2765 devinxi-rim):
1489 2726 1522 2756 L.
1546 2726 1650 2756 Murt-

168 2788 226 2809 LER
243 2788 250 2809 z
270 2792 285 2807 «
309 2778 342 2809 Si
368 2781 454 2809 recte
476 2777 650 2818 liabetjam
671 2785 801 2813 versus,
824 2776 923 2806 verba
944 2777 1017 2804 suut
1045 2774 1233 2804 Hermionae
1261 2772 1299 2802 ad
1322 2772 1478 2811 Orestem,
1500 2774 1550 2804 vel
1574 2775 1651 2813 l'yr-

170 2826 275 2865 rhum,
297 2825 571 2866 pulchritudinem
588 2825 658 2863 ejus
676 2823 881 2854 extollentem
905 2831 937 2859 »3
959 2839 999 2843 —
1021 2821 1054 2851 '20
1076 2820 1186 2859 &buln
1215 2820 1237 2855 Ι,
1261 2829 1291 2858 p.
1318 2820 1391 2859 350)
1410 2830 1415 2850 :
1440 2834 1453 2847 u
1476 2821 1568 2862 quod
1589 2822 1650 2860 (vel

170 2875 256 2914 quot
274 2874 518 2913 <tropaea>)
547 2881 607 2913 ⁶²90
631 2872 663 2902 in
679 2871 752 2902 acie
775 2870 891 2901 crebro
913 2869 1088 2910 objectans
1110 2868 1217 2898 vitam
1242 2865 1398 2897 bellando
1420 2867 1614 2907 (lpllc'Sllm;
1637 2881 1650 2895 »

170 2929 252 2961 quae
272 2921 403 2962 quidem
433 2921 532 2951 verba
558 2919 744 2951 alterutrius
765 2928 803 2949 ex
831 2918 985 2948 heroibus
1006 2914 1241 2947 aemulantibus
1270 2914 1399 2955 (Pyrrhi
1424 2916 1530 2954 potius
1559 2925 1652 2956 quam
