1889 3319
701 233 828 262 miror
864 234 885 262 T
892 233 1060 262 ERTlUM.
1570 220 1625 262 93

140 350 258 390 totos
286 346 531 399 aboleret¹,
577 352 653 390 aut
690 351 783 391 tam
816 349 949 392 facile
989 353 1033 391 et
1068 351 1255 407 repente
1296 353 1621 407 compesceret,

139 433 277 477 quam
303 419 347 461 in
377 418 523 477 primo
550 418 764 463 Aeneidis
791 420 909 462 libro
935 419 1149 478 ,luppiter

474 572 569 580 ......
593 547 698 581 dicto
718 548 847 589 citius,
871 549 1023 583 tumida
1045 557 1213 591 aequora
1234 548 1358 591 placat

427 598 549 634 <et>
570 599 735 629 cunctus
756 597 885 639 pelagi
908 597 1050 630 cecidit
1071 597 1208 638 fragor.

139 710 351 752 Perstant
378 724 487 766 ergo
514 709 653 752 iidem
683 714 789 753 tunc
818 711 952 754 etiam
979 712 1026 753 in
1054 711 1242 753 Didonis
1270 714 1419 753 mente
1449 725 1625 763 sensus,

140 808 198 813 —
238 781 391 839 (idque
430 785 619 824 naturae
660 797 848 840 prorsus
888 797 1137 825 consonum
1185 782 1294 839 est);
1337 808 1394 813 —-
1434 782 1629 837 mitigati

140 867 249 896 vero
287 853 605 910 extenuatique
646 857 882 911 perstant3
925 858 968 896 et
1004 855 1040 896 si
1077 869 1169 896 11011
1204 854 1388 895 0111111110
1422 853 1624 911 placida,

137 927 300 982 pacata
327 923 489 966 saltem
516 923 632 966 Dido
660 923 715 966 de
744 925 835 966 vita
862 924 1106 967 decessura
1134 927 1215 966 est.

200 994 332 1047 Quod
359 1009 523 1052 nempe
551 998 600 1036 ut
627 1009 764 1052 quam
792 996 985 1037 maxime
1020 995 1098 1037 fiat
1136 995 1329 1053 talisque
1360 1009 1457 1037 esse
1485 1009 1629 1052 appa-

138 1069 236 1109 reat
256 1066 491 1108 morientis
515 1066 699 1121 reginae
729 1066 866 1108 animi
894 1065 1093 1118 habitus,
1126 1069 1313 1124 propter
1339 1066 1442 1119 hoc,
1472 1065 1624 1118 credo,

138 1141 275 1196 poeta
294 1137 437 1180 voluit
464 1138 646 1179 omnino
675 1137 733 1179 ad
759 1142 1043 1195 postremum
1069 1137 1307 1179 evanidam
1328 1140 1476 1180 tacere
1502 1137 1629 1179 illam

138 1209 327 1252 admissi
367 1223 478 1265 erga
525 1208 782 1266 Sychaeum
820 1209 1013 1267 perjurii
1059 1209 1403 1260 conscientiam,
1449 1223 1541 1266 qua
1586 1212 1631 1251 et

137 1281 289 1334 initio,
327 1283 371 1323 et
403 1281 449 1322 in
478 1280 629 1322 media
655 1281 806 1338 quarti
833 1280 970 1336 hujus
997 1280 1103 1322 libri
1130 1284 1260 1338 parte
1278 1280 1306 1333 2,
1340 1279 1629 1322 sollicitatam

139 1351 367 1394 Didonem
393 1351 607 1394 vidimus.

198 1423 327 1467 Hanc
355 1428 508 1466 autem
542 1423 729 1466 admissi
766 1423 1006 1479 cujusdam
1039 1423 1267 1466 malefacti
1306 1422 1629 1465 conscientiam

140 1495 182 1538 ei
219 1509 322 1538 cum
359 1495 651 1547 attribueret,
684 1494 938 1550 Vergilius,
974 1494 1135 1549 fateor,
1177 1494 1455 1553 sequebatur
1491 1493 1632 1551 Apol—

139 1567 313 1610 lonium
353 1567 477 1626 apud
518 1581 655 1625 quem
694 1566 856 1610 Medea
895 1581 940 1611 se
973 1567 1121 1625 ipsam
1153 1567 1305 1623 arguit
1337 1565 1477 1624 quod,
1527 1579 1630 1609 cum

139 1637 355 1684 Jasonem
383 1638 613 1695 adjuverit
641 1641 683 1680 et
712 1638 946 1691 amaverit,

488 1768 528 1807 οὐ
552 1767 648 1807 κατὰ
672 1766 826 1819 κόσμον,
851 1769 1030 1823 ἀναιδήτῳ
1051 1768 1166 1816 ἰότητι

139 1893 352 1953 impulsa,
375 1895 563 1950 egerit3.
596 1894 687 1938 Sed
713 1895 757 1937 in
784 1895 870 1938 hoc
897 1895 954 1937 ab
981 1894 1224 1953 Apollonio
1245 1893 1438 1937 discedit
1457 1897 1627 1948 noster,

183 2055 212 2087 1.
238 2055 443 2087 Manifestius
464 2055 559 2087 etiam
593 2056 624 2086 111
659 2058 749 2086 sexto
781 2055 936 2086 Aeneidis
968 2055 1050 2085 libro
1073 2054 1236 2095 (450-474)
1254 2064 1358 2085 novus
1380 2055 1432 2086 ille
1446 2055 1540 2085 animi
1562 2055 1631 2095 ejus

141 2103 272 2135 habitus
305 2103 486 2143 apparebit.
517 2104 577 2134 Ubi
599 2104 682 2134 enirn
705 2103 840 2143 primum
861 2103 990 2133 Aeneae
1011 2102 1093 2132 Dido
1117 2098 1149 2132 iit
1169 2102 1281 2139 obvia,
1306 2103 1337 2132 111
1358 2103 1455 2133 breve
1476 2103 1631 2142 temporis

141 2151 280 2191 spatium
302 2151 458 2191 pristinae
490 2151 555 2181 irae
576 2152 666 2191 quasi
689 2151 848 2181 scintillae
869 2152 1026 2190 quaedam
1047 2150 1204 2180 excitatae
1226 2150 1412 2180 refoventur
1434 2149 1631 2189 (ardenlem

139 2200 174 2229 et
199 2200 298 2230 torva
321 2198 504 2239 tzcentem);
528 2208 601 2229 mox
623 2208 700 2229 vero
723 2212 737 2225 «
761 2198 848 2238 siros
872 2197 990 2228 oculos
1007 2206 1128 2228 aversa
1150 2199 1267 2228 tenens
1290 2209 1303 2224 »
1332 2197 1486 2237 vultuque
1506 2197 1628 2237 rigido,

143 2255 214 2277 sese
233 2246 365 2286 corripit
386 2249 479 2286 atque
501 2259 515 2275 «
539 2247 681 2278 inimica
704 2259 717 2273 >1
737 2247 769 2276 in
789 2255 901 2276 nemus
922 2245 1050 2285 refugit.
1074 2245 1216 2276 Necdum
1241 2245 1343 2285 magis
1371 2245 1402 2275 111
1428 2244 1629 2285 praecordiis

142 2295 218 2324 tunc
239 2294 392 2334 temporis
411 2297 557 2325 movetur
577 2294 631 2325 illa

420 2378 509 2405 quam
531 2371 556 2398 si
576 2370 648 2397 dura
665 2370 739 2397 silex
755 2374 804 2397 aut
822 2372 879 2396 stet
897 2367 1043 2404 Marpesia
1061 2372 1170 2396 cautes.

139 2441 291 2472 Nonnihil
312 2443 531 2473 tantummodo
553 2443 633 2481 odii,
654 2442 772 2472 multus
794 2443 941 2481 superest
961 2443 1174 2481 contemptus.

180 2489 211 2521 2.
235 2489 288 2528 IV,
308 2489 358 2529 19,
379 2489 531 2528 321-322,
554 2490 626 2529 547,
649 2490 720 2527 550,
742 2490 814 2527 552,
836 2489 907 2520 596.

181 2535 212 2568 3.
234 2537 376 2580 Argon„
395 2537 448 2576 IV,
473 2537 546 2570 360.
569 2538 616 2570 Cf.
636 2537 776 2568 367-368
797 2547 804 2567 z

680 2627 764 2647 κατα
785 2611 936 2648 δὀὐὶοὸν
960 2612 1077 2655 αἶσχος
1099 2613 1198 2655 ἔχευα

595 2663 794 2704 θηλυτέραις.

141 2739 352 2771 Catullianam
381 2750 458 2772 vero
479 2741 654 2771 Ariadnam
675 2740 764 2771 nulla
789 2739 874 2770 subit
896 2739 1110 2779 poenitentia,
1132 2748 1191 2769 nec
1212 2739 1370 2770 tantillum
1396 2749 1429 2770 se
1451 2742 1540 2779 putat
1561 2749 1632 2771 esse

139 2789 273 2818 sontem.
298 2787 345 2819 Cf.
369 2787 485 2826 Coum,
508 2782 620 2819 Etmle
640 2798 702 2819 sur
724 2787 874 2824 Catulle,
897 2798 928 2827 p.
950 2786 1022 2818 321.
1038 2804 1079 2809 -
1100 2786 1212 2817 Differt
1233 2787 1329 2826 igitur
1353 2788 1392 2817 ab
1415 2788 1632 2827 Apolloniana

141 2834 256 2866 Medea
284 2835 366 2866 Dido
399 2836 485 2876 quod
511 2836 642 2866 Medeae
666 2835 864 2866 conscientia
885 2835 933 2865 vel
963 2835 995 2864 in
1016 2834 1133 2864 amoris
1152 2834 1242 2864 initio
1265 2835 1470 2865 veliementer
1490 2835 1630 2874 angitur,

141 2884 261 2912 maeret
282 2892 319 2912 ac
341 2883 563 2918 rernordetur;
587 2883 692 2912 differt
707 2885 808 2912 autem
826 2883 865 2912 al)
883 2882 1021 2911 Ariadna
1038 2891 1132 2921 quani
1148 2882 1292 2910 Catullus
1314 2882 1529 2918 adumbravit,
1546 2882 1631 2921 quod

144 2929 308 2961 Ariadnae
328 2931 425 2962 animi
446 2940 607 2973 nunquam
635 2930 860 2972 interpellatur
879 2929 1110 2970 tranquillitas.
1129 2929 1210 2960 Dido
1231 2932 1349 2966 autem,
1371 2929 1499 2971 quando
1526 2938 1632 2960 amare
