1889 3319
259 192 315 232 64
866 205 966 233 PARS
999 205 1135 233 PRloR.

256 336 339 378 per
381 321 542 363 urbem
591 320 824 376 dignitatis
870 320 1097 362 incuriosa
1142 334 1248 362 suae
1294 324 1500 376 vagatur.
1550 318 1741 372 Quando

257 392 391 435 etiam
423 391 513 434 Diis
539 391 667 445 libat,

792 455 1006 497 spatiatur1
1028 455 1074 487 ad
1098 463 1205 493 aras,

255 569 360 626 quia
389 569 576 622 scilieet,
612 572 660 611 ut
687 568 798 611 dixit
823 569 1042 622 Donatus,
1076 588 1094 607 «
1129 569 1253 612 nullo
1286 570 1332 612 in
1368 569 1466 611 loeo
1494 570 1740 612 consistere

252 640 444 697 potest2,
466 658 486 679 »
508 643 551 682 et
572 640 700 698 quasi
728 654 971 683 nervorum
993 640 1191 699 quadam
1215 641 1420 699 inquieta
1439 640 1741 699 trepidatione

254 711 470 768 quatitur.

313 782 547 840 Nusquam
577 782 695 824 enim
723 785 766 824 et
792 797 1025 840 nunquam
1063 783 1169 825 felix
1202 783 1360 838 regina
1398 786 1481 834 est,
1514 783 1599 825 nisi
1626 798 1742 841 quo-

252 854 368 896 tiens
389 868 491 895 cum
511 853 667 896 Aenea
688 858 909 896 versatur.
933 853 1229 912 Quocumque
1254 854 1393 910 igitur
1411 854 1509 910 ejus
1539 855 1742 911 vestigiis

252 924 434 976 insistit,
464 939 547 967 nee
575 939 777 982 unquam
814 925 1003 967 satiatur
1037 926 1220 968 vidisse.
1252 925 1380 968 Nunc
1408 926 1449 968 ei
1478 943 1497 964 «
1531 924 1742 969 Sidonias

253 1011 362 1054 opes
395 1014 413 1035 >›
443 995 719 1039 ambulando
741 999 939 1039 ostentat

764 1125 978 1166 urbemque
1000 1128 1174 1166 paratam
1185 1127 1198 1147 3

253 1240 297 1279 et
322 1238 453 1295 quasi
481 1236 704 1289 dotalem3
741 1252 860 1280 nuno
887 1242 1104 1293 vergente
1127 1238 1198 1281 die
1226 1239 1271 1281 in
1298 1242 1476 1282 noetem
1507 1238 1744 1281 convivia⁶

251 1308 504 1366 producere
532 1308 659 1359 libet,
690 1308 784 1362 ubi,
817 1309 948 1351 sicuti
984 1309 1131 1367 primo
1171 1309 1260 1360 die,
1301 1313 1344 1352 et
1379 1309 1565 1352 videndi
1592 1313 1635 1352 et
1662 1325 1743 1352 au-

251 1379 407 1422 diendi
432 1380 614 1422 Aeneae
648 1379 837 1422 liberior
875 1381 1005 1438 eopia
1041 1380 1188 1423 datur.
1225 1381 1354 1423 Nune
1388 1380 1527 1423 veluti
1560 1395 1743 1438 quoque

252 1455 399 1502 antea,
435 1451 756 1506 Astyanactem
796 1451 1041 1504 oseulatur,
1082 1467 1229 1509 neque
1256 1451 1370 1494 illud
1398 1455 1530 1510 poeta
1558 1452 1740 1505 iterare,

251 1522 459 1580 quamvis
507 1522 604 1578 jam
643 1537 781 1580 supra
821 1523 1038 1575 dietunff,
1084 1523 1277 1575 dubitat,
1317 1524 1531 1581 quoniam
1575 1525 1637 1566 sie
1678 1524 1744 1566 in-

251 1608 416 1650 genue,
459 1593 564 1636 lieet
602 1593 789 1636 honeste
819 1598 861 1636 et
902 1598 1037 1647 caste,
1082 1595 1201 1637 viam
1234 1595 1402 1637 habeat
1435 1595 1738 1651 significandi,

250 1664 481 1707 interdum
508 1679 749 1723 erumpere
780 1683 800 1705 «
831 1665 1020 1708 furentis
1053 1685 1071 1705 η
1100 1666 1295 1709 feminae
1323 1681 1459 1722 aegre
1485 1666 1740 1710 cohibitum

251 1751 302 1778 ae
330 1736 538 1778 silentem
571 1750 789 1788 amorem,
831 1736 1050 1794 illamque
1090 1738 1220 1795 quasi
1253 1737 1564 1795 appetentiam
1598 1739 1742 1796 optati

249 1807 381 1849 viri⁶.
430 1833 487 1838 —
532 1807 624 1850 Nee
676 1808 825 1850 minus
876 1808 1118 1861 audacem,
1166 1808 1326 1851 eadem
1359 1813 1509 1851 tamen
1562 1813 1742 1852 servata

293 1937 321 1969 1.
346 1938 412 1968 Nisi
446 1938 535 1975 sorte,
561 1940 592 1968 ut
616 1939 683 1968 vult
711 1938 855 1975 Seuius,
888 1938 1048 1977 Vergilius
1074 1939 1103 1968 in
1136 1939 1194 1969 lioc
1217 1939 1284 1968 locs·
1314 1939 1493 1970 meminerit
1524 1942 1741 1970 matronarum

250 1995 331 2026 quae
350 1986 588 2016 sacrificaturae
609 1986 695 2016 circa
715 1995 787 2016 aras
809 1985 930 2016 faculas
951 1989 1095 2016 tenentes
1116 1986 1332 2017 ambulabant.
1350 1986 1405 2017 Cui
1427 1986 1555 2027 quidem
1578 1987 1741 2026 interpre-

250 2033 361 2064 tationi
383 2033 564 2063 adsentitur
584 2033 728 2064 Bsxcnsr.

291 2080 321 2111 2.
347 2094 360 2107 «
388 2080 424 2110 Et
444 2081 570 2120 vaganti
595 2081 692 2111 totius
712 2080 856 2112 civitatis
885 2081 1022 2121 spatium
1042 2081 1189 2112 sufficere
1210 2091 1273 2112 non
1297 2084 1432 2121 poterat.
1458 2094 1471 2109 n
1494 2099 1532 2103 —
1565 2080 1610 2111 Cf.
1634 2082 1737 2112 Auox.

250 2128 333 2168 apud
367 2128 526 2163 Servium,
558 2129 587 2158 in
609 2139 639 2160 v.
661 2128 701 2159 62
726 2139 732 2159 :
757 2143 770 2156 «
797 2129 845 2159 An
875 2129 933 2159 hoc
960 2129 999 2159 ad
1032 2129 1263 2169 impatientiam
1288 2129 1405 2159 amoris
1439 2129 1641 2160 referendum
1677 2132 1737 2167 est,

251 2185 312 2215 quo
330 2175 449 2214 jactata
471 2175 552 2206 Dido
573 2177 641 2206 loeo
665 2179 751 2207 stare
775 2186 836 2207 non
856 2179 994 2216 poterat,
1012 2177 1104 2216 juxta
1123 2176 1199 2206 illud
1221 2175 1343 2213 <68>

679 2253 781 2280 Uritur
799 2253 897 2280 infelix
922 2253 1004 2286 Dido,
1026 2257 1142 2288 totaque
1161 2257 1286 2289 vagatur

676 2295 750 2322 Uibe
769 2295 877 2322 furens.
900 2306 911 2321 1)

293 2367 490 2398 Aportomrs
511 2366 575 2406 (111,
599 2366 748 2407 834-835)
770 2378 775 2398 :
800 2365 898 2399 αὐτοῦ
920 2368 952 2400 δὲ
973 2369 1084 2406 δόμοις
1107 2364 1329 2401 &nawa-joun

799 2417 902 2448 στεῖὸε
923 2416 1061 2448 ntem...

292 2490 322 2522 3.
350 2491 382 2521 In
404 2500 441 2521 eo
463 2494 548 2522 tanto
570 2492 670 2532 magis
695 2492 809 2532 perita,
832 2502 894 2531 quo
922 2492 1022 2531 magis
1049 2491 1239 2522 considendi
1265 2492 1401 2532 cupidus
1422 2496 1470 2523 est
1491 2493 1616 2523 Aeneas
1637 2493 1690 2533 (cf.
1715 2492 1737 2531 1,

251 2538 322 2575 437,
344 2539 417 2578 557)
433 2542 463 2569 et
484 2539 552 2578 ipse
573 2539 771 2570 desiderium
792 2540 910 2579 quietis
930 2548 1037 2570 coram
1059 2539 1182 2570 Didone
1204 2542 1340 2570 testatus
1361 2543 1410 2571 est
1430 2540 1496 2579 (ΙΙΙ,
1518 2539 1578 2571 493
1599 2540 1696 2580 sqq.).

292 2586 322 2616 4.
349 2586 380 2616 ln
400 2597 428 2617 v.
450 2586 491 2617 77
516 2596 521 2616 z
549 2600 563 2613 «
584 2597 667 2617 nune
689 2587 809 2618 euclem
830 2587 956 2617 labente
978 2587 1030 2617 die
1051 2587 1200 2618 convivia
1219 2588 1356 2627 quaerit,
1378 2600 1392 2614 »
1415 2588 1620 2628 interpretari
1641 2587 1739 2618 debe-

251 2644 321 2664 mus
342 2633 459 2664 eadem
481 2634 653 2669 conrivicu
673 2644 735 2665 non
758 2637 874 2671 autem,
899 2637 931 2664 ut
949 2634 1092 2665 Gossmu
1110 2634 1188 2671 vult,
1208 2633 1326 2665 eadem
1346 2634 1446 2666 Dido.

292 2681 322 2713 5.
348 2681 448 2719 Aen.,
469 2681 491 2717 Ι,
508 2681 579 2713 717.

588 2772 647 2797 Aut
663 2772 774 2805 gremio
790 2771 959 2804 Ascanium,
977 2771 1120 2805 genitoris
1137 2771 1263 2806 imagine
1283 2775 1375 2805 capta.

589 2812 715 2846 Detinet,
739 2813 908 2846 infandum
929 2813 953 2839 si
973 2811 1073 2839 fallere
1094 2813 1184 2847 possit
1203 2820 1341 2840 amorem.

293 2883 339 2916 Cf.
363 2884 456 2923 infra,
476 2893 505 2914 v.
533 2883 588 2915 101
613 2894 619 2914 2

586 2961 678 2989 Ardet
694 2969 795 2989 amans
814 2961 897 2997 Dido,
917 2962 1062 2999 traxitque
1079 2971 1138 2998 per
1155 2971 1224 2991 ossa
1241 2962 1379 2991 furorem.
