1889 3319
243 195 326 239 122
795 211 897 241 PARS
928 212 1168 242 rosrssnion.

239 331 288 370 ut
303 327 486 370 voluere
501 327 688 386 quidam
709 328 718 349 ¹
735 353 792 359 ——
805 327 922 370 hanc
935 328 1151 371 Aeneidis
1171 327 1476 371 narrationem
1494 331 1721 385 putemus.

238 397 359 440 Fieri
388 413 494 440 sane
522 402 672 455 potest
699 402 745 440 ut
764 398 884 440 hunc
905 398 961 441 de
983 400 1142 456 primis
1164 398 1381 442 Camillae
1402 398 1531 443 annis
1553 398 1727 454 digres-

239 483 339 511 sum
354 469 584 524 Vergilius
612 469 729 511 male
755 469 996 523 locaverit,
1027 474 1299 528 posteaque,
1331 470 1368 512 si
1402 472 1584 527 tempus
1618 484 1726 528 sup-

237 540 457 597 petiisset,
487 540 587 582 loco
609 544 855 593 mutasset3
884 567 941 572 —
967 541 1082 583 illud
1108 556 1214 583 vero
1242 541 1400 599 liquet,
1424 540 1726 598 vituperatam

236 610 353 653 hanc
378 610 583 653 fabulam
610 611 815 654 consulto
844 611 901 654 ab
929 612 1035 654 illo²
1064 612 1283 655 additam.

296 680 384 724 Cur
422 685 574 724 autem
613 681 862 735 addiderit,
910 683 1117 741 quaestio
1155 687 1235 725 est.
1277 682 1470 738 Egomet
1504 682 1591 725 hoc
1627 697 1725 725 esse

236 767 398 795 causae
439 753 616 811 opinor,
654 768 743 810 quo
772 753 936 796 clarius
976 758 1020 796 et
1046 754 1302 797 distinctius
1335 753 1485 796 efficta
1509 752 1724 797 Camillae

233 823 411 866 indoles
439 823 675 866 emineret.

294 893 413 937 Satis
441 894 627 952 quidem
649 910 878 954 superque
904 896 989 939 fuit
1017 896 1076 939 ad
1103 896 1361 939 universam
1378 896 1515 938 totius
1542 894 1725 938 fabulae

233 965 488 1019 utilitatem,
520 966 556 1008 si
584 964 819 1020 Camillae,
850 982 876 1009 a
903 967 1055 1010 Turno
1083 967 1276 1019 accitae,
1308 966 1530 1009 adventus
1558 967 1722 1024 primo,

232 1036 396 1079 deinde
438 1052 542 1079 cum
573 1038 815 1080 comitibus
849 1039 941 1081 suis
979 1039 1197 1081 adversus
1236 1039 1434 1081 Teucros
1473 1039 1724 1081 certamina

231 1107 615 1150 describerentur.
658 1108 772 1163 Sed,
816 1109 853 1151 si
880 1109 991 1152 nihil
1020 1110 1216 1168 amplius
1242 1110 1515 1167 explicatum
1540 1108 1721 1157 fuisset,

235 1195 255 1218 α
286 1178 534 1223 bellatricis
564 1197 609 1232 »,
648 1179 799 1224 Subito
834 1181 1218 1239 supervenientis,
1260 1181 1565 1233 interventus,
1614 1179 1725 1238 quid

233 1249 379 1303 aliud,
417 1265 610 1308 quaeso,
653 1251 835 1293 miranti
870 1252 1031 1294 lectori
1068 1252 1172 1308 jure
1208 1252 1331 1295 visus
1366 1251 1550 1304 fuisset,
1588 1265 1725 1309 quam

232 1320 414 1363 inficeta
461 1321 689 1379 quaedam
734 1337 927 1378 graecae
972 1323 1286 1366 Penthesileae
1326 1323 1567 1381 repetitio?
1606 1322 1725 1365 Num

274 1487 302 1518 1.
330 1487 449 1524 Heme,
486 1486 630 1520 mecm-s.
665 1488 712 1518 ad
745 1487 872 1519 librum
902 1489 967 1520 XI:
1003 1502 1017 1517 «
1040 1488 1164 1520 interea
1193 1488 1267 1518 huic
1294 1487 1442 1528 episodio
1473 1487 1583 1518 ultima
1611 1490 1724 1528 poetae

234 1544 348 1565 manus
369 1544 430 1565 non
456 1534 585 1566 admota
605 1545 676 1565 esse
698 1536 836 1575 videtur,
860 1546 929 1567 cum
950 1537 1092 1567 narratio
1117 1546 1185 1566 cum
1201 1536 1269 1574 ipso
1291 1535 1445 1566 Aeneidis
1458 1538 1644 1575 argumento
1659 1544 1723 1565 non

233 1582 311 1613 satis
331 1582 508 1620 coaluerit3
529 1582 607 1622 Opis
628 1586 732 1613 autem
756 1593 772 1614 a
791 1584 916 1614 ,Iunone
939 1585 1053 1615 missae
1070 1584 1280 1614 ministerium
1297 1583 1349 1613 vix
1371 1592 1454 1620 eum,
1474 1591 1566 1623 quem
1587 1591 1722 1622 exspec-

232 1630 399 1668 tabamus,
417 1629 564 1660 effectum
586 1630 715 1662 habeat.
742 1631 809 1662 Non
834 1634 959 1671 poterat
978 1641 995 1662 a
1016 1634 1115 1662 morte
1140 1630 1228 1663 fatali
1260 1629 1426 1661 vindicare
1447 1629 1611 1660 Camillam
1633 1638 1722 1660 suam

231 1675 332 1707 Diana
356 1689 382 1714 »‚
406 1677 460 1707 sed
482 1692 495 1705 «
520 1680 589 1708 erat
611 1681 910 1718 tainon‚z111t‹›qua1n
932 1678 1118 1709 discederet
1141 1677 1268 1718 <Opis
1279 1679 1331 1715 >,
1353 1686 1472 1717 corpus
1495 1686 1621 1717 pugnae
1642 1677 1723 1707 sub-

233 1724 415 1754 ducendum
443 1727 474 1754 et
493 1725 529 1766 jn
552 1725 685 1764 patriam
708 1725 963 1765 deportandum,
986 1726 1071 1766 quod
1100 1726 1170 1765 ipsa
1196 1725 1253 1755 dea
1289 1725 1480 1764 promiserat
1501 1733 1535 1755 se
1569 1724 1721 1754 facturam

233 1771 276 1810 (v.
293 1770 441 1811 593-594)
465 1781 505 1802 ne
528 1772 722 1811 spoliaretur
746 1776 800 1802 aut
821 1775 1038 1804 truncaretur.
1062 1773 1158 1813 Atqui
1182 1776 1274 1812 poeta
1295 1772 1354 1802 hoc
1374 1781 1436 1802 non
1463 1771 1584 1811 attigit;
1604 1770 1635 1801 in
1653 1779 1717 1810 quo

230 1818 378 1848 excusari
400 1818 482 1849 sorte
504 1822 625 1858 potest3
648 1819 689 1849 ad
715 1820 886 1850 artificium
916 1823 1020 1850 tamen
1044 1820 1157 1860 poetae
1185 1820 1307 1850 referre
1335 1819 1419 1849 hunc
1445 1818 1603 1849 defectum
1625 1817 1723 1848 nolim

234 1875 305 1895 cum
328 1866 453 1904 Servio,
477 1866 507 1896 in
532 1876 561 1896 v.
585 1865 656 1897 593.
680 1879 693 1894 υ
724 1867 855 1907 Egomet
883 1867 996 1898 Servio
1027 1868 1212 1904 adsentior,
1234 1867 1287 1907 qui
1322 1867 1452 1906 quidem
1483 1868 1723 1906 peropportune

232 1916 321 1943 notat
341 1913 407 1944 alio
429 1923 558 1953 quoque
582 1913 615 1944 in
636 1914 705 1945 loco
726 1914 761 1955 (l,
784 1914 856 1953 683)
878 1924 943 1945 rem
965 1915 1221 1954 praenuntiatam
1243 1924 1305 1944 non
1330 1914 1428 1944 fuisse
1449 1923 1467 1944 a
1487 1913 1629 1953 Vergilio
1650 1921 1724 1943 nar-

231 1963 332 1990 ratam
353 1960 482 2000 quando
498 1961 577 1991 sacta
593 1964 652 1992 est.
672 1961 791 1992 Dianae
813 1962 971 2002 promissa
991 1962 1031 1992 de
1047 1962 1208 1993 servando
1226 1961 1377 1991 Camillae
1393 1970 1539 2000 corpore,
1559 1963 1613 1991 aut
1628 1959 1719 1990 obliti

231 2017 341 2038 sumus
363 2007 421 2038 sub
457 2008 594 2047 episodii
624 2009 735 2046 finem,
757 2012 812 2039 aut
832 2009 856 2038 si
892 2009 1145 2045 reminiscimur,
1174 2009 1366 2039 confidimus
1392 2017 1428 2038 ea
1449 2007 1596 2039 effectum
1631 2015 1724 2037 suum

230 2054 378 2085 habitura
409 2064 492 2085 esse.
527 2055 683 2095 lmperata
722 2059 951 2096 exsequentem
982 2056 1076 2095 Opim
1119 2055 1351 2096 descripsisse,
1391 2064 1454 2095 quo
1488 2054 1724 2095 pertinuisset?

231 2101 277 2134 Cf.
308 2101 344 2133 C.
391 2101 538 2140 Manum,
573 2103 620 2134 La
652 2102 862 2134 De‘liealesse
888 2103 978 2134 (lans
1005 2103 1102 2139 l'art,
1134 2103 1184 2135 ch.
1218 2113 1236 2134 11
1269 2103 1341 2142 (Les
1370 2101 1662 2141 sous-entendus.)
1683 2118 1722 2123 -—

233 2149 422 2180 Psentmiir
441 2159 447 2180 z
470 2164 484 2177 «
506 2149 692 2181 Maluissem
708 2151 884 2191 Vergilium
905 2162 923 2181 a
943 2160 1083 2191 persona
1101 2151 1261 2191 nymphae
1282 2150 1362 2190 Opis
1383 2150 1477 2190 plane
1495 2149 1721 2180 abstinuisset.

232 2196 346 2227 Omnia
363 2198 400 2227 ad
424 2207 492 2227 eam
511 2198 707 2237 pertinentia
727 2201 758 2228 et
773 2199 802 2228 in
825 2198 934 2235 rebus,
961 2201 992 2229 et
1012 2199 1043 2228 in
1065 2198 1174 2239 verbis
1194 2199 1237 2228 ita
1261 2200 1336 2228 sunt
1355 2200 1511 2237 concepta
1532 2199 1565 2227 ut
1586 2198 1724 2227 sortasse

232 2244 312 2274 Silio
332 2244 451 2284 Italico,
477 2255 539 2275 non
562 2245 750 2276 Latinorum
777 2249 942 2286 poetarum
970 2246 1115 2286 principe
1140 2246 1236 2285 digna
1258 2245 1472 2285 reperiantur.
1499 2257 1512 2272 »
1537 2244 1718 2276 Foneinsn:

234 2303 248 2317 «
270 2290 306 2320 Et
326 2300 402 2321 sane
434 2291 483 2321 liic
506 2291 595 2322 locus
613 2295 662 2322 est
683 2293 765 2323 inter
793 2293 877 2323 inter
902 2293 1124 2332 languidiores
1153 2296 1184 2323 et
1218 2293 1322 2322 minus
1356 2292 1483 2322 limatos
1509 2291 1674 2322 Aeneidis.
1708 2302 1724 2317 »

237 2338 321 2368 Nihil
356 2338 503 2378 equidem
535 2339 637 2370 fateor
672 2340 702 2370 in
736 2340 796 2370 hoc
828 2341 975 2380 episodio
1005 2340 1086 2371 adeo
1120 2339 1308 2370 mendosum
1338 2339 1412 2369 mihi
1439 2348 1609 2369 occurrere
1638 2337 1726 2378 quod

236 2385 380 2425 Vergilio
413 2386 567 2416 tributum
600 2387 710 2419 nolim.
743 2387 860 2418 Contra
890 2389 988 2418 multo
1018 2387 1139 2418 rectius
1172 2387 1275 2424 addit,
1309 2390 1340 2416 ut
1373 2385 1497 2426 opinor,
1532 2386 1685 2416 Foassiossfl
1717 2394 1724 2416 :

238 2446 252 2460 «
275 2433 411 2470 <lude
435 2435 599 2470 >tamen
623 2443 686 2464 non
718 2435 877 2475 sequitur,
910 2435 995 2475 quod
1032 2435 1222 2474 Peerlkamp
1253 2434 1450 2473 suspicatur,
1476 2434 1623 2464 relictum
1655 2441 1726 2463 eum

237 2481 390 2518 <locum
404 2482 445 2517 >
461 2490 533 2511 esse
554 2490 571 2511 a
592 2481 734 2522 Vergilio
755 2482 869 2512 leviter
890 2482 984 2512 modo
1007 2482 1206 2519 inchoatum,
1244 2484 1274 2511 et
1299 2481 1338 2511 ab
1366 2481 1428 2511 alio
1451 2484 1547 2521 poeta
1566 2484 1728 2521 posterlo-

238 2537 307 2559 rum
328 2530 506 2567 temporum
528 2528 645 2559 infelici
669 2539 822 2560 successu
843 2530 1056 2560 elaboratum.
1083 2542 1097 2557 »

280 2575 309 2607 2.
336 2588 350 2602 «
373 2576 423 2605 Ab
445 2575 498 2605 illo
521 2588 548 2613 »‚
571 2576 710 2616 inquam,
732 2577 805 2617 quia
826 2586 909 2607 nunc
925 2576 1054 2617 quidem
1076 2576 1162 2607 nulla
1178 2576 1270 2607 nobis
1295 2585 1393 2607 causa
1412 2575 1489 2606 mihi
1509 2575 1636 2606 videtur
1657 2585 1728 2606 esse

239 2631 296 2653 cur
316 2621 447 2652 Varium
475 2626 504 2652 et
531 2623 666 2653 Tuccam
699 2624 921 2654 nonnullorum
952 2624 1092 2654 locorum
1121 2623 1266 2654 ordinem
1298 2626 1512 2653 commutasse
1544 2623 1727 2655 credamus.

239 2669 320 2700 Illud
341 2670 424 2699 enim
445 2670 571 2700 demum
589 2680 605 2700 e
623 2670 854 2702 Sumomt'ica
877 2670 1028 2713 Vergilii,
1051 2670 1102 2707 33⁴,
1119 2670 1167 2707 42,
1191 2670 1404 2710 comperimus
1420 2669 1546 2700 Varium
1567 2670 1660 2700 amici
1679 2669 1729 2700 sui

238 2727 321 2757 opus
341 2730 355 2744 «
374 2717 552 2747 summatim
568 2719 804 2753 emendavisse,
827 2722 858 2749 ut
880 2719 932 2758 qui
955 2727 1069 2748 versus
1087 2718 1180 2748 etiam
1199 2717 1405 2757 imperfectos
1427 2717 1521 2747 sicuti
1543 2720 1634 2747 erant
1653 2717 1728 2747 reli-

237 2765 343 2805 querit
366 2777 379 2791 »
400 2767 431 2794 et
452 2778 465 2791 «
489 2764 623 2795 duorum
647 2778 661 2793 »
684 2765 902 2796 tantummodo
925 2779 938 2793 l(
963 2765 1116 2796 librorum
1133 2765 1279 2795 ordinem
1302 2767 1525 2795 commutasse.
1548 2777 1562 2791 »
1585 2777 1599 2791 «
1624 2763 1729 2794 Parti-

239 2813 366 2842 culatim
387 2825 400 2839 υ
428 2811 609 2851 Vergilius,
647 2814 757 2851 fateor,
793 2828 807 2841 «
834 2813 1059 2853 composuisse
1087 2826 1100 2840 υ
1136 2822 1249 2852 poema
1278 2812 1408 2849 dicitur,
1444 2825 1458 2839 «
1490 2815 1584 2851 prout
1613 2811 1730 2842 liberet

239 2860 422 2900 quidqiwet
440 2859 516 2889 nihil
539 2860 569 2889 in
587 2861 732 2891 ordinem
751 2859 1115 2901 arripienstz'bitl.,14,›;
1132 2873 1146 2888 »
1168 2860 1247 2890 nillil
1265 2862 1368 2890 autem
1390 2868 1448 2890 nos
1468 2859 1592 2890 inducit
1614 2862 1646 2890 ut
1659 2868 1727 2890 cre-

238 2907 350 2937 damus
369 2906 566 2947 particulas
587 2908 658 2938 illas
679 2918 740 2939 non
764 2910 804 2939 ab
826 2910 896 2948 ipso
918 2906 1060 2949 Vergilio
1083 2908 1184 2938 luisse
1204 2915 1367 2938 connexas
1387 2909 1418 2937 et
1434 2909 1631 2947 compactas,
