1889 3319
665 202 792 232 CAPUT
827 203 1053 233 SECUNDUM.
1548 190 1604 231 29

180 320 382 364 Primum
416 319 629 378 equidem
665 320 860 363 observo
892 333 1057 363 nomen
1084 319 1197 362 illud
1224 318 1451 371 Hectoris,
1483 317 1607 376 quod

120 392 382 448 diligentius
410 391 467 434 ab
494 391 712 450 Euripide
738 395 1014 444 removetur,
1048 406 1071 433 a
1103 390 1301 446 Vergilio
1329 393 1485 433 contra
1511 404 1609 432 sae-

119 463 221 523 pius
248 463 442 507 accitum
468 463 687 506 revocari.
730 463 846 505 Nam
874 466 917 505 et
951 463 1079 505 initio
1115 461 1246 504 nobis
1284 459 1608 504 Andromacha

346 600 438 632 ante
458 598 594 632 urbem
617 598 656 631 in
675 598 761 631 luco
781 598 872 632 falsi
897 597 1110 632 Simoentis
1130 597 1177 631 ad
1198 597 1345 631 undam

126 738 147 759 «
177 718 317 762 cineri
337 718 486 762 libans
512 738 532 758 »
569 717 838 761 ostenditur.
871 718 968 761 Hoc
1003 721 1151 760 autem
1192 718 1342 775 ipsum
1370 715 1493 774 quod
1518 730 1608 758 non

124 790 233 834 dicit
257 792 394 848 poeta
430 789 560 847 cujus
598 789 738 832 cineri
772 789 905 835 libet.
952 790 1158 844 legentes
1198 787 1372 830 inducit
1399 791 1443 829 et
1480 786 1610 844 quasi

123 861 244 917 cogit
270 864 338 914 ut,
371 875 417 903 se
443 861 567 919 ipsos
595 861 945 916 interrogantes,
977 860 1182 902 Hectoris
1210 859 1560 900 reminiscantur
1578 857 1605 900 ¹.

123 931 334 975 Ceterum
358 932 406 974 in
432 932 691 990 insequenti
734 946 869 974 versu
897 931 1109 989 explanat
1135 933 1179 972 et
1216 930 1314 988 ipse
1350 928 1605 984 Vergilius:

660 1091 722 1100 .....
745 1069 955 1108 Manesque
974 1067 1136 1100 vocabat

514 1115 723 1147 Hectoreum
745 1114 794 1148 ad
815 1114 1016 1148 tumulum
1029 1115 1053 1146 ².

121 1235 292 1278 Iterum
327 1233 493 1277 deinde
532 1235 576 1276 in
614 1235 689 1287 iis,
729 1248 844 1292 quae
878 1234 1026 1292 prima
1059 1233 1232 1291 profert
1263 1230 1606 1283 Andromacha,

120 1306 274 1349 verbis
300 1307 558 1348 nominatur
585 1306 779 1349 Hector:

660 1440 846 1473 Vivisne‘?
866 1442 944 1473 Aut
960 1439 993 1472 si
1011 1440 1080 1473 lux
1096 1439 1201 1472 alma
1220 1438 1383 1472 recessit

492 1489 622 1520 Hector
643 1489 710 1521 ubi
738 1490 820 1522 est‘?

123 1590 248 1634 Tunc
287 1606 395 1634 vero
437 1590 567 1649 quasi
605 1605 709 1632 caro
750 1590 828 1632 illo
875 1593 917 1631 et
954 1588 1204 1630 venerabili
1241 1587 1444 1638 nomine,
1488 1584 1607 1643 quod

123 1676 277 1706 secum
321 1663 454 1705 tacite
503 1661 817 1703 tantummodo
860 1663 1067 1718 repetere
1115 1659 1289 1701 dudum
1339 1657 1471 1699 solita
1517 1660 1605 1708 est,

122 1749 243 1776 nunc
269 1734 469 1792 primum
506 1733 594 1775 alta
623 1747 732 1775 voce
763 1733 948 1785 emisso,
980 1731 1110 1789 quasi
1145 1730 1318 1788 sopitus
1352 1727 1610 1770 Androma-

123 1804 235 1848 chae
262 1804 394 1848 dolor
420 1807 711 1863 experrectus
741 1803 817 1857 sit,

699 1939 880 1973 lacrimas
901 1938 1058 1978 effudit,
1083 1939 1122 1970 et
1143 1944 1298 1969 omnem

494 1987 677 2031 Implevit
697 1986 862 2020 clamore
881 1985 1021 2019 locum.

122 2108 238 2151 Tum
265 2108 323 2151 ab
349 2107 505 2150 Aenea
531 2107 745 2165 loquente
775 2123 795 2143 «
828 2105 995 2147 Hector
1024 2122 1043 2142 »
1083 2103 1215 2145 tertio
1241 2101 1498 2152 inducitur3
1530 2100 1608 2158 qui

124 2180 208 2223 etsi
236 2179 334 2236 jam
370 2182 522 2232 antea,
562 2178 797 2220 nuntiante
838 2176 978 2227 fama,
1019 2173 1284 2230 cognoverit
1320 2171 1609 2229 Neoptolemi

124 2251 368 2307 conjugem
404 2251 568 2292 factam
615 2264 712 2291 esse
751 2245 1142 2297 Andromacham,
1184 2258 1424 2302 nuperque
1471 2243 1608 2284 etiam

124 2323 289 2366 certior
323 2323 467 2364 factus
503 2322 559 2363 sit
598 2320 771 2363 Heleno
808 2317 1015 2360 eamdem
1050 2317 1096 2359 in
1137 2315 1476 2358 matrimonium
1511 2327 1608 2355 ces-

124 2395 235 2437 sisse
252 2430 261 2448 ,
292 2408 391 2437 eam
419 2398 571 2436 tamen
598 2390 798 2435 Hectoris
825 2387 1224 2432 Andromacham3
1252 2386 1470 2445 appellat.

165 2578 195 2610 1.
221 2592 235 2607 «
255 2578 324 2609 Non
345 2577 427 2608 dixit
449 2577 561 2617 cujus,
593 2575 648 2605 sed
670 2574 743 2605 exin
764 2573 859 2604 latius
880 2571 1079 2612 intelligitur.
1105 2582 1119 2597 »
1141 2569 1288 2600 Semnus.

163 2627 194 2660 2.
220 2626 302 2657 Male
322 2628 441 2661 tamen,
468 2625 493 2655 si
518 2624 707 2654 Psentmmp
728 2620 910 2652 audiendus
936 2620 977 2649 sit
1000 2628 1006 2649 ε
1039 2632 1053 2646 «
1080 2616 1344 2656 Mallem,-inquit
1364 2616 1447 2646 enim
1468 2615 1610 2654 ille‚-vo-

123 2674 249 2706 cabulis
283 2673 510 2713 transpositis:
533 2670 678 2702 Libabat
698 2668 805 2700 cineri
826 2668 982 2699 Hectoreo
1005 2666 1192 2706 Manesque
1224 2663 1365 2695 vocabat
1385 2661 1611 2694 Andromache

125 2721 172 2754 ad
192 2721 404 2754 tumulum...
427 2719 531 2751 Verus
549 2722 653 2749 autem
672 2717 818 2748 Hectoris
838 2715 979 2746 tumulus
1006 2717 1075 2744 erat
1101 2713 1186 2753 apud
1211 2712 1352 2751 Trojam.
1375 2723 1389 2737 »
1420 2710 1505 2740 Nihil
1532 2719 1611 2741 vero

125 2772 174 2802 est
192 2779 255 2810 quo
276 2769 461 2809 conjectura
481 2768 542 2797 ista
563 2766 718 2796 innitatur
738 2765 844 2795 lectio.

164 2816 195 2850 3.
221 2816 298 2848 Cum
312 2816 472 2851 LADEWIG,
484 2814 604 2848 Hssxnr,
616 2812 804 2844 Coxixcrox.
818 2808 1089 2840 anoxsrlectioni
1103 2817 1109 2837 :
1125 2807 1301 2837 «Hectoris
1322 2804 1610 2836 Andromachen‘2»

125 2865 219 2905 plane
239 2863 416 2895 adsentior.
438 2862 484 2892 De
508 2862 567 2891 hoc
592 2860 661 2890 loco
682 2859 882 2898 disceptato,
905 2867 935 2887 v-
967 2857 1155 2886 l‘ssssnmunr
1184 2854 1304 2890 stnr,
1327 2853 1494 2888 Fonmmzn,
1511 2853 1556 2881 in.
1578 2850 1610 2885 h.

126 2921 265 2943 versum.
