1889 3319
691 192 819 222 CAPUT
854 192 1085 222 SECUNDUM.
1582 177 1638 220 23

207 309 422 364 Quemvis
450 309 571 352 enim
607 323 633 351 a
664 313 790 351 tanto
824 309 1011 351 vulnere
1048 311 1278 350 recentem
1316 308 1490 364 ingenti
1528 321 1640 364 qua-

149 383 255 425 dam
281 380 600 439 desperatione
628 380 836 437 vitaeque
865 380 1016 422 taedio
1043 379 1162 421 affici
1189 378 1302 422 adeo
1330 382 1517 421 naturae
1538 392 1641 420 con-

150 467 315 510 gruum
342 452 474 495 nobis
501 451 683 493 videtur
709 455 756 492 ut
784 451 916 493 aliter
942 450 1038 492 fieri
1057 465 1190 508 posse
1222 465 1311 492 non
1350 451 1500 492 animo
1535 464 1642 491 con-

151 526 390 583 cipiamus.
413 522 532 564 Illud
559 522 779 564 biblicum
813 537 821 565 2
855 542 874 561 «
907 522 1049 563 noluit
1074 522 1296 563 consolari
1331 540 1349 559 ›>
1385 522 1445 563 ita
1483 534 1644 562 conve-

150 597 247 639 nire
272 593 536 637 hominibus
563 594 703 635 nimia
724 593 877 650 aliqua
904 593 1159 635 calamitate
1183 593 1359 635 afflictis
1385 593 1642 650 opinamur,

153 672 203 710 ut
226 666 358 709 facile
385 665 455 707 vel
483 665 537 706 iis
564 665 854 720 ignoscamus
884 664 959 721 qui
990 682 1009 702 «
1036 663 1269 706 dimidiam
1292 664 1506 705 animae»
1539 677 1646 704 suae

154 742 331 797 partem
370 735 456 778 sibi
490 735 729 793 abreptam
761 739 998 792 putantes,
1039 754 1057 774 «
1088 735 1237 777 lucem
1269 735 1420 793 perosi
1457 753 1477 773 »
1519 737 1643 785 sunt,

155 809 286 868 quasi
311 807 489 851 amissis
512 806 609 862 jam
636 806 848 849 omnibus
876 806 1044 849 diutius
1072 806 1255 849 vivendi
1276 807 1439 848 causis.

214 880 315 922 Non
343 879 467 937 quod
492 878 758 936 Euripidem
796 878 1131 936 reprehendam
1165 879 1241 936 qui
1280 876 1649 920 Andromacham

158 952 246 994 sibi
272 954 463 994 mortem
488 951 843 992 consciscentem
873 951 917 992 in
955 949 1200 992 Troadibus
1238 965 1326 992 non
1367 948 1646 999 induxerit¹;

160 1023 267 1066 satis
290 1037 519 1080 superque
542 1022 836 1079 perspicuum
869 1025 935 1063 est
970 1021 1184 1064 traditam
1220 1035 1323 1063 eum
1361 1020 1446 1062 sibi
1484 1020 1653 1061 famam

158 1094 384 1152 projicere
411 1107 501 1135 non
538 1092 765 1134 debuisse.
808 1092 927 1134 Illud
967 1092 1151 1135 demum
1190 1094 1331 1134 miror
1363 1090 1485 1149 quod
1522 1091 1561 1132 ei
1597 1104 1653 1132 ne

161 1165 480 1220 cogitationem
508 1163 692 1221 quidem
721 1164 1001 1206 voluntariae
1031 1164 1185 1206 mortis
1213 1163 1441 1205 indiderit.
1476 1162 1655 1205 Etenim

160 1251 253 1278 non
280 1250 387 1278 sane
415 1234 473 1277 ad
501 1239 701 1277 extrema
728 1235 972 1290 confugere
1000 1234 1321 1277 Andromacha
1349 1234 1515 1292 potuit,
1547 1232 1656 1274 dum

163 1310 402 1365 supererat
450 1305 593 1355 filius,
639 1306 768 1362 cujus
818 1306 914 1348 sola
958 1306 1099 1348 tutela
1139 1305 1507 1364 relinquebatur;
1562 1318 1657 1346 exs-

163 1379 302 1421 tincto
330 1392 436 1421 vero
473 1378 771 1434 Astyanacte,
809 1377 938 1433 cujus
978 1377 1292 1420 tantummodo
1343 1391 1479 1419 causa
1519 1376 1657 1417 vitam

165 1449 554 1508 amplectebatur,
597 1448 641 1491 id
675 1449 789 1491 adeo
827 1450 967 1491 miror
1006 1449 1127 1507 quod
1160 1452 1353 1491 mortem
1391 1462 1481 1490 non
1507 1447 1659 1504 aliqua

165 1521 239 1564 via
288 1525 481 1579 quaerat
533 1525 609 1563 aut
662 1521 822 1563 saltem
871 1520 1183 1563 vehementius
1229 1522 1493 1578 exoptet...
1556 1517 1659 1561 Scio

167 1591 382 1650 equidem
419 1592 674 1649 Polyxenae
712 1606 811 1634 eam
844 1591 1094 1643 invidere2,
1130 1591 1339 1649 reliquis,
1376 1605 1490 1648 quae
1519 1589 1660 1632 Troa-

169 1663 250 1706 das
277 1668 505 1709 maneant,
536 1663 870 1705 calamitatibus
899 1667 1152 1721 opportune
1182 1666 1385 1720 ereptae:
1418 1661 1497 1704 sed
1524 1675 1662 1719 quam

169 1734 338 1791 frigida
365 1734 681 1777 dissertatione
714 1734 975 1776 felicitatem
1004 1735 1161 1776 mortis
1199 1733 1320 1775 illius
1350 1733 1530 1775 laudat!
1562 1731 1661 1774 Non

170 1806 248 1848 ille
291 1810 358 1849 est
398 1805 609 1855 Didonis,
655 1806 699 1848 in
742 1806 913 1848 minore
954 1810 1105 1848 tamen
1157 1820 1397 1858 aerumna,
1438 1805 1658 1862 impetus,

171 1892 263 1920 non
287 1877 368 1920 illa
399 1877 597 1919 violenta
630 1877 726 1933 jam
762 1878 932 1919 invisae
970 1877 1082 1919 lucis
1118 1877 1250 1932 fuga,
1295 1891 1384 1918 non
1422 1876 1500 1918 illa
1533 1875 1664 1933 quasi

174 1949 309 1991 avida
347 1949 505 1991 mortis
551 1948 802 2006 cupiditas!
848 1949 1005 2006 Neque
1054 1948 1242 2004 objicias
1286 1963 1375 1990 non
1421 1950 1664 2004 conceptos

173 2021 314 2063 fuisse
361 2035 386 2063 a
424 2020 600 2076 graecis
650 2020 734 2062 hos
787 2035 945 2062 sensus
991 2021 1162 2077 poetis:
1211 2034 1338 2072 nam,
1385 2034 1439 2061 ne
1483 2017 1664 2060 aliunde

175 2091 384 2150 exempla
411 2106 654 2142 arcessam,
686 2092 731 2133 in
760 2091 966 2147 ejusdem
995 2090 1225 2148 Euripidis
1253 2089 1542 2148 Supplicibns
1570 2104 1666 2131 mu-

179 2152 383 2217 lieribus,
420 2162 629 2211 Evadne,
670 2161 869 2220 Capanei
906 2177 1037 2209 uxor,
1078 2162 1276 2204 defuncti
1313 2162 1463 2204 mariti
1501 2175 1666 2216 rogum

181 2233 277 2276 vult
308 2233 614 2277 conscendere
648 2248 750 2276 cum
787 2234 881 2276 istis
916 2233 1066 2275 verbis
1099 2247 1106 2276 :
1147 2251 1166 2271 «
1201 2232 1347 2275 Suave
1382 2247 1484 2275 cum
1517 2236 1665 2274 amato

183 2306 341 2348 mortis
369 2306 646 2348 consortium
673 2305 785 2348 est3.
821 2323 841 2344 »

241 2376 387 2419 Immo
408 2376 591 2435 quando
612 2377 659 2418 in
679 2376 839 2419 eadem
853 2375 1009 2418 fabula
1031 2376 1196 2418 certior
1210 2374 1530 2418 Andromacha
1550 2374 1670 2416 facta

184 2451 253 2490 est
281 2446 545 2490 damnatum
575 2461 600 2489 a
629 2447 812 2490 Graecis
840 2446 1161 2502 Astyanactem
1186 2446 1378 2502 jamjam
1410 2445 1452 2487 in
1483 2460 1535 2486 eo
1570 2459 1668 2487 esse

184 2523 233 2561 ut
259 2522 431 2577 pereat,
462 2519 664 2577 primum
701 2518 886 2575 quidem
913 2518 1047 2573 justis
1090 2522 1131 2559 et
1173 2517 1440 2574 exspectatis
1474 2516 1672 2574 querelis

184 2590 409 2646 indulget,
434 2589 515 2632 sed
537 2590 673 2648 paulo
695 2594 798 2647 post
814 2588 1030 2631 suadente
1053 2588 1295 2645 Talthybio
1317 2603 1371 2630 ne
1397 2587 1674 2631 Graecorum

230 2754 260 2789 1.
282 2755 504 2796 Infrequenter
531 2755 593 2786 sibi
620 2758 752 2786 mortem
783 2754 980 2785 conscivisse
1008 2753 1156 2793 antiquos
1183 2752 1266 2784 bene
1292 2752 1444 2784 observat
1471 2751 1677 2783 SALw-Mfflc

190 2802 356 2841 Gmmnm,
382 2803 489 2835 Cours
505 2802 547 2834 de
567 2801 674 2833 litte'r,
698 2802 825 2838 elram„
847 2801 871 2839 Ι,
896 2811 928 2841 p.
949 2800 1064 2831 79-81.

232 2850 263 2881 2.
288 2851 425 2887 Troad..
445 2851 506 2882 626
527 2860 595 2892 sqq.
615 2849 686 2881 678.

234 2897 265 2930 3.
288 2898 424 2940 Suppl„
444 2909 475 2929 v.
494 2897 666 2930 990-1030.
