1889 3319
226 194 283 238 7⁶.)
834 208 934 237 PARS
968 207 1105 237 PRIOR.

285 325 416 368 Adde
444 323 568 382 quod
595 339 647 367 ea
675 325 880 377 crimina,
911 338 1027 381 quae
1055 322 1273 365 adversus
1295 335 1399 365 eum
1417 320 1532 364 Dido
1550 320 1709 378 injicit,

226 412 315 440 non
349 397 501 439 omnia,
523 397 695 454 pariter
717 395 841 452 justa
871 409 1067 452 veraque
1095 393 1349 436 videantur.
1384 392 1563 451 Quippe
1597 407 1713 450 quae

229 487 248 507 α
291 467 516 526 perfidum
558 486 577 506 »
614 481 718 509 eum
754 466 878 509 haud
918 465 1057 508 semel
1096 465 1312 507 nominet.
1347 465 1416 507 An
1457 478 1564 506 vero
1609 464 1716 521 quia

226 540 475 597 improviso
503 542 546 581 et
573 538 778 580 clanculo
805 538 962 593 fugere
990 536 1160 578 voluit?

516 691 751 724 Dissimulare
773 691 888 724 etiam
909 691 1070 733 sperasti,
1095 689 1250 731 perfide,
1273 692 1427 722 tantum

517 746 632 778 Posse
654 745 775 785 nefas,
799 745 991 786 tacitusque
1013 753 1089 775 mea
1111 741 1273 775 decedere
1294 743 1414 773 terra?

288 883 343 924 At
381 897 514 940 supra
546 882 721 924 monuit
756 885 889 939 poeta
917 895 1006 922 non
1042 879 1089 922 id
1118 894 1215 922 esse
1251 880 1432 921 Aeneae
1461 877 1715 921 consilium.

228 953 475 1011 Imperavit
504 968 610 996 sane
638 953 714 995 ille
748 951 983 995 Mnestheo
1025 950 1332 1009 Sergestoque
1363 969 1382 989 «
1419 949 1611 992 classem
1639 963 1721 1006 ap-

227 1029 373 1067 tarent
403 1025 523 1066 taciti
554 1043 573 1063 ›>

800 1109 838 1138 et
858 1113 956 1147 quae
978 1105 1092 1138 rebus
1114 1104 1165 1137 sit
1182 1112 1298 1137 causa
1321 1103 1511 1136 novandis

434 1159 748 1200 Dissimulent3...

227 1313 386 1341 verum
426 1299 600 1341 interea
632 1298 921 1356 quaesiturus
945 1298 1040 1356 ipse
1076 1300 1143 1339 est
1173 1300 1326 1355 aptam
1359 1295 1641 1338 occasionem
1670 1298 1719 1337 ut

229 1385 275 1412 se
318 1370 627 1428 profecturum
659 1368 825 1411 Didoni
860 1370 1055 1425 ingenue
1099 1368 1355 1420 denuntiet3
1398 1368 1458 1409 ita
1497 1371 1544 1408 ut
1581 1365 1716 1424 paulo

229 1447 332 1500 post
359 1441 479 1484 istud
507 1441 734 1484 alfirmare
762 1440 884 1483 haud
912 1440 1138 1482 immerito
1168 1443 1305 1497 queat
1335 1454 1343 1482 :

826 1596 951 1629 neque
973 1596 1041 1629 ego
1059 1587 1159 1620 hane
1180 1585 1416 1619 abscondere
1437 1585 1538 1618 furto

418 1641 588 1683 Speravi,
610 1650 657 1674 ne
679 1641 793 1683 finge,
815 1641 987 1683 sugam...

288 1775 358 1817 An
392 1789 499 1816 vero
533 1777 720 1832 propter
752 1773 836 1816 hoc
875 1792 893 1811 «
931 1772 1170 1831 perfidiam
1208 1791 1226 1810 »
1268 1771 1366 1827 ejus
1400 1770 1516 1812 Dido
1545 1770 1720 1812 incusat

230 1847 337 1904 quia
363 1846 516 1888 datam
544 1845 682 1887 fidem
714 1845 973 1887 violaverit?
1000 1844 1059 1886 At
1084 1857 1319 1901 nunquam
1346 1841 1543 1895 dedisse,
1575 1846 1619 1883 et
1643 1841 1722 1884 illa

229 1918 329 1976 ipsa
355 1920 580 1959 testantur
601 1931 717 1974 quae
741 1917 866 1974 prius
886 1916 1086 1957 narravit
1110 1919 1258 1973 poeta,
1282 1918 1325 1957 et
1341 1915 1518 1956 Aeneas
1539 1928 1721 1971 quoque

228 1988 351 2031 idem
380 1988 620 2047 profitetur
649 1989 799 2046 (quem
830 1987 1015 2045 quidem
1044 1986 1223 2029 mentiri
1250 2001 1340 2029 non
1368 1989 1720 2027 consentaneum

230 2065 311 2107 est)
345 2075 353 2104 :

300 2108 305 2117 s

743 2144 814 2168 nec
835 2135 1014 2177 conjugis
1035 2143 1207 2176 unquam

513 2189 719 2223 Praetendi
744 2189 877 2222 taedas
898 2192 963 2221 aut
985 2189 1077 2222 haec
1103 2189 1141 2220 in
1165 2187 1315 2221 foedera
1339 2187 1435 2220 veni.

288 2320 459 2363 Auditu
493 2321 549 2363 sit
574 2320 689 2363 illud
710 2320 892 2373 durum,
917 2325 959 2363 et
987 2335 1089 2363 curn
1108 2334 1271 2378 aspera
1296 2319 1501 2376 trucique
1530 2317 1718 2363 sinceri-

228 2395 317 2434 tate
349 2391 406 2434 ab
433 2392 584 2434 Aenea
629 2393 926 2442 enuntiatum,
969 2391 1190 2443 concedo;
1233 2390 1527 2432 nihilominus
1565 2392 1717 2430 tamen

226 2477 385 2505 verum
422 2467 504 2506 est.
548 2462 632 2505 Illa
677 2463 816 2518 igitur
861 2462 1044 2505 demum
1082 2466 1185 2504 sunt
1228 2476 1343 2519 quae
1379 2461 1483 2517 jure
1524 2460 1624 2518 quis
1672 2459 1718 2500 in

226 2534 382 2576 Aenea
427 2533 765 2592 reprehendere
802 2535 960 2592 possit,
1004 2534 1097 2575 sive
1126 2532 1249 2591 quod
1287 2546 1489 2575 amorem
1529 2530 1717 2573 Didonis

227 2605 284 2647 ab
325 2605 401 2647 illa
442 2605 527 2646 sibi
571 2605 691 2647 ultro
731 2605 934 2647 oblatum
972 2619 1060 2647 non
1101 2604 1424 2662 repudiaverit,
1468 2603 1560 2645 sive
1594 2600 1718 2659 quod

227 2676 386 2717 saltem
414 2690 503 2717 non
539 2676 644 2717 satis
673 2676 832 2718 crebro
866 2677 1112 2728 monuerit,
1151 2690 1196 2717 se
1231 2688 1465 2732 nunquam
1498 2687 1596 2716 eam
1636 2686 1716 2714 vo-

226 2750 431 2788 caturum
456 2761 553 2788 esse
585 2765 604 2785 «
628 2748 893 2803 conjugem3
923 2766 942 2785 »
971 2773 1027 2778 —
1054 2746 1355 2788 difficiliorem
1376 2760 1484 2787 vero
1515 2762 1533 2782 «
1566 2743 1715 2786 medio

228 2816 283 2858 de
311 2818 433 2860 sonte
460 2817 669 2875 leporum
700 2837 719 2857 »
750 2817 1160 2860 admonitionem...

289 2886 418 2940 Quod
456 2889 491 2933 si
529 2888 726 2946 denique
762 2904 921 2931 causas
948 2889 1230 2946 inquirentes
1252 2903 1331 2930 cur
1358 2891 1591 2945 tantopere
1619 2885 1713 2944 ple-
