1889 3319
237 163 320 205 112
784 177 884 207 PARS
918 179 1160 208 Posn'nnion.

290 292 399 336 Inde
427 293 477 335 fit
503 296 552 336 ut
577 294 767 336 Amatae
793 294 910 336 iram
936 295 1057 338 illico
1080 295 1285 353 erupisse
1304 309 1395 338 non
1416 295 1538 338 dicat
1555 297 1592 349 ¹3
1614 310 1718 339 cum

232 365 344 407 sciat
388 365 557 422 optime
590 379 759 422 gnarus
797 365 1025 408 humanae
1067 367 1232 409 mentis
1272 369 1430 424 poeta,
1481 381 1718 425 superesse

233 450 360 478 suam
390 436 525 479 etiam
550 436 718 478 furenti
745 437 925 479 mulieri
946 437 1174 495 peritiam.
1210 437 1377 480 Dolum
1410 438 1615 496 profecto
1643 438 1721 481 ad-

229 506 389 549 hibere
417 506 616 550 debebat
641 508 819 560 Amata,
849 508 1119 566 priusquam
1149 509 1420 551 exacerbata
1459 509 1619 552 ultima
1653 525 1721 552 se-

232 582 463 636 queretur.
496 578 733 622 Mitissimo
774 580 914 636 igitur
952 580 1113 622 habitu
1146 584 1189 623 et
1223 581 1475 639 composito
1508 581 1552 624 in
1585 581 1721 624 mise-

230 651 454 693 rationem
492 651 622 694 vultu
658 651 902 707 conjugem
945 651 1062 705 adit,
1109 651 1382 711 molliusque
1426 670 1446 690 «
1497 656 1541 695 et
1588 652 1720 695 solito

231 725 428 764 matrum
468 721 524 764 de
569 736 695 765 more
745 741 764 762 »
805 722 1051 780 loquitur-².
1106 722 1263 780 Neque
1312 722 1457 765 ullum
1512 723 1721 781 querenti

230 793 424 835 verbum
451 793 615 836 excidit
643 793 767 852 quod
798 808 887 836 non
923 794 1015 836 vim
1054 794 1254 853 aliquam
1290 794 1460 837 habeat
1496 809 1580 837 nec
1617 809 1722 837 eon-

231 864 350 909 sulto
390 865 704 908 immittatur?
750 865 813 908 De
856 865 1082 908 industria
1120 884 1139 904 ι(
1186 865 1364 909 exsules
1411 884 1430 905 »
1473 866 1718 923 Trojanos,

234 953 255 974 «
284 935 590 993 praedonem*
628 955 648 975 »
690 937 893 979 Aeneam
928 937 1153 990 nominat,
1193 951 1388 995 eumque
1426 937 1500 980 isti
1529 955 1549 976 «
1579 936 1723 995 Phry-

230 1007 305 1062 gio
347 1007 520 1065 pastori
560 1025 580 1047 »
617 1008 811 1051 similem
852 1009 1149 1067 contemptim
1183 1008 1334 1064 fingit,
1374 1009 1451 1067 qui
1481 1008 1718 1062 Helenam,

231 1093 321 1121 non
355 1079 504 1122 minus
542 1079 731 1123 forsitan
763 1084 953 1138 propter
980 1080 1184 1123 divitias⁵
1212 1095 1350 1138 quam
1383 1081 1550 1123 amoris
1586 1095 1722 1123 causa

233 1165 388 1194 seeum
414 1151 660 1209 rapuerit⁶.
692 1151 849 1210 Neque
878 1151 937 1194 ob
967 1151 1011 1194 id
1043 1151 1189 1194 solum
1218 1169 1238 1190 «
1268 1152 1417 1210 primo
1440 1152 1718 1209 Aquilone»

231 1314 360 1342 nostrae
381 1311 501 1341 conscii
526 1320 588 1341 non
615 1311 793 1343 videamur.
823 1311 936 1350 (Levia
959 1320 1021 1341 non
1043 1311 1163 1348 solum,
1187 1314 1221 1341 ut
1241 1311 1309 1341 vult
1330 1311 1485 1347 Semnrs,
1506 1310 1656 1352 pulchra
1678 1312 1719 1342 si-

232 1359 386 1396 gnificare
409 1361 524 1398 potest,
548 1359 603 1389 sed
626 1358 706 1389 illud
728 1368 873 1399 qumque,
903 1368 1016 1398 nempe
1050 1359 1142 1389 facile
1174 1362 1204 1389 et
1237 1358 1362 1389 occulte
1391 1362 1572 1399 serpentem
1601 1359 1721 1391 delabi.

233 1406 323 1443 Quod
339 1406 467 1446 quidem
483 1406 635 1446 explanat
659 1407 791 1446 insuper
812 1417 819 1438 ε
844 1420 857 1434 1«
876 1409 1015 1437 allacln
1038 1405 1147 1443 nullo,
1168 1420 1180 1433 ιι
1203 1409 1263 1437 et«
1285 1404 1454 1447 fallitque
1474 1406 1653 1446 furentem
1678 1422 1691 1435 n
1714 1419 1720 1440 :

233 1454 262 1484 id
285 1457 350 1492 est,
371 1467 385 1482 (ι
410 1454 479 1484 sine
502 1463 662 1491 morsm...
696 1455 770 1485 sine
796 1455 998 1496 accipientis
1023 1464 1125 1485 sensu
1150 1467 1163 1481 υ
1187 1454 1347 1490 Semnus)
1368 1471 1409 1477 -—
1429 1454 1507 1484 Tum
1533 1464 1608 1485 vero
1629 1456 1720 1495 quasi

232 1511 289 1541 per
311 1502 476 1542 physicam
506 1502 746 1541 figurationem,
770 1503 981 1533 increscentis
1000 1503 1066 1533 irae
1084 1503 1173 1533 varia
1194 1504 1352 1532 momenta
1376 1502 1612 1543 continuaeque
1633 1503 1722 1534 vices

233 1549 363 1589 depingi
395 1549 481 1580 haud
513 1550 669 1581 immerito
695 1550 806 1581 credat
838 1551 968 1591 aliquis,
991 1551 1057 1581 sive
1092 1550 1228 1590 primum
1249 1550 1292 1590 (v.
1325 1549 1399 1588 317)
1428 1558 1483 1580 cor
1506 1549 1610 1590 ipsum
1634 1550 1665 1581 in
1688 1561 1722 1582 se

233 1597 450 1633 contrahitur,
481 1597 549 1628 sive
582 1597 734 1629 anhelare
764 1598 876 1638 incipit
905 1599 1039 1639 spiritus
1065 1601 1108 1630 lv.
1138 1597 1212 1637 351.)
1236 1598 1407 1637 faucesque
1435 1597 1553 1636 angina
1584 1599 1721 1639 quadam

233 1647 438 1675 coarctantur
462 1646 506 1685 (v.
529 1644 607 1682 351,
636 1645 668 1677 in
701 1646 788 1685 finess,
823 1646 890 1676 sive
912 1647 941 1676 in
966 1649 1062 1686 caput
1083 1649 1130 1685 (v.
1156 1645 1228 1682 353,
1253 1645 1357 1684 initio)
1378 1645 1611 1686 cerebrumque
1631 1647 1722 1686 quasi

233 1692 441 1723 constrictum
464 1693 596 1733 sanguis
612 1693 793 1733 colligatur,
816 1694 883 1724 sive
904 1693 1033 1724 tandein
1055 1696 1153 1723 totum
1175 1693 1222 1723 ira
1237 1702 1355 1732 corpus
1371 1692 1496 1722 invadit
1516 1695 1610 1733 atque
1633 1707 1647 1721 «
1665 1694 1724 1724 im-

233 1740 342 1780 plicat,
362 1752 376 1767 »
398 1741 610 1781 inertiamque
627 1741 754 1781 trepida
775 1741 916 1772 membra
936 1750 1030 1781 aegre
1047 1742 1149 1772 serant
1168 1742 1210 1773 (v.
1236 1740 1296 1771 353
1318 1741 1416 1781 sqq).

276 1787 339 1818 Sed
362 1788 469 1818 forsan
492 1789 522 1818 in
545 1798 582 1819 eo
603 1801 617 1816 «
641 1798 773 1819 acumen
795 1789 932 1827 irritum,
958 1802 972 1815 »ι
994 1792 1027 1819 ut
1049 1788 1190 1819 Senecae
1210 1788 1319 1818 verbis
1340 1791 1422 1826 utar,
1445 1802 1460 1817 «
1483 1797 1690 1827 exercemus;
1710 1801 1724 1816 »ι

233 1835 368 1866 miratur
401 1839 505 1867 tamen
533 1840 563 1867 et
583 1837 649 1876 ipso
671 1836 849 1868 Coxnxerox
878 1837 908 1867 in
939 1837 988 1867 liis
1020 1837 1170 1867 versibus
1194 1850 1209 1864 «
1231 1846 1274 1867 (ιη
1297 1836 1402 1877 effert
1423 1837 1465 1877 of
1484 1837 1668 1876 inqenztily
1690 1838 1724 1867 lo

231 1883 373 1913 sustam
395 1883 452 1915 the
471 1883 631 1925 physica!
645 1883 861 1925 probability
881 1885 959 1923 <in
979 1884 1082 1915 order
1099 1886 1174 1920 to>
1194 1883 1294 1915 make
1323 1882 1379 1914 the
1401 1882 1498 1925 tlzz'nq
1524 1883 1724 1925 physically

230 1930 407 1971 probable.
435 1945 448 1958 »ι

276 1979 353 2009 Illud
377 1982 425 2009 est
444 1989 639 2010 ⁴summorum
661 1981 865 2020 scriptorum,
888 1980 973 2021 quod
1003 1983 1068 2011 tam
1089 1980 1237 2010 sollerter
1257 1979 1356 2010 verba
1377 1979 1515 2019 seligant
1542 1983 1573 2010 et
1595 1989 1725 2020 compo-

234 2030 364 2063 nant‚ut
385 2027 584 2058 adducamur
605 2027 646 2057 ad
664 2028 893 2068 suspicandum
913 2028 964 2058 vel
987 2028 1017 2058 in
1036 2028 1176 2058 minimis
1192 2027 1317 2058 occulta
1337 2027 1473 2058 consilia
1488 2028 1724 2068 cogitatamque

235 2074 440 2107 industriam.
459 2075 568 2115 Neque
597 2085 634 2106 ea
655 2076 766 2106 saltem
784 2075 953 2115 diligentia
980 2076 1018 2106 iis
1039 2075 1252 2115 improbanda
1281 2078 1329 2105 est
1352 2075 1526 2115 philologis
1549 2075 1602 2115 qui
1625 2075 1724 2106 liben-

234 2121 298 2151 tius
316 2121 449 2163 Vergilii
472 2123 651 2154 doctrinam
675 2133 768 2164 quam
790 2124 950 2164 poeticum
980 2123 1141 2164 ingenium
1165 2123 1333 2154 extollunt.
1351 2136 1365 2150 «
1387 2122 1474 2153 Inter
1495 2126 1601 2153 cetera
1626 2135 1639 2150 »
1661 2131 1723 2153 au-

237 2171 299 2200 tem
320 2184 334 2197 «
359 2170 479 2207 studia,
503 2170 694 2203 medicinae
715 2180 881 2212 quoque...
898 2181 1031 2211 operam
1051 2170 1214 2201 dedisse»
1235 2170 1322 2200 illum
1339 2170 1510 2201 Sreromcs
1529 2170 1651 2200 tradit:
1668 2179 1725 2200 cur

237 2217 336 2257 igitur
361 2217 419 2248 hoc
443 2218 475 2248 in
497 2218 567 2249 loeo
589 2218 794 2259 Hippocratis
810 2219 864 2257 (cf.
886 2228 914 2251 e.
932 2228 962 2258 g.
986 2218 1154 2258 Ἐπιδήμ.,
1176 2217 1197 2248 l.
1220 2217 1272 2254 VI,
1288 2217 1341 2248 e'd.
1366 2217 1486 2254 Limne,
1509 2220 1530 2249 t.
1549 2216 1584 2255 V,
1603 2227 1632 2258 p.
1649 2217 1722 2256 317,

236 2265 286 2295 vel
318 2265 448 2307 Ἀφορ.,
470 2265 508 2304 V,
528 2265 577 2302 40,
597 2265 657 2303 ib..
680 2266 732 2303 1V,
753 2266 826 2306 547,
848 2267 923 2306 etc.)
945 2267 1131 2297 meminisse
1154 2275 1217 2296 non
1239 2265 1401 2305 putandus
1422 2265 1485 2296 sit‘?

279 2313 308 2345 1.
331 2312 398 2350 Vll,
420 2312 482 2344 356
503 2323 510 2344 ε
533 2327 548 2341 «
570 2314 713 2345 Necdum
732 2315 858 2345 animus
872 2317 939 2345 toto
958 2314 1103 2354 percepit
1124 2316 1252 2353 pectore
1279 2312 1436 2343 flammam
1458 2325 1485 2343 ».
1508 2312 1601 2350 Quod
1625 2321 1723 2353 supra

238 2374 253 2389 «
285 2361 443 2392 furentem
466 2374 480 2388 »
500 2360 591 2400 dicit,
619 2371 658 2392 ne
692 2362 859 2402 intellegas
882 2362 976 2402 quasi
1004 2362 1071 2402 jam
1103 2363 1180 2391 tunc
1210 2360 1359 2393 insaniat.
1394 2359 1521 2400 Optime
1556 2360 1723 2392 Semnus:

238 2422 253 2437 «
276 2408 432 2449 Fallitque
460 2409 618 2440 furentem
641 2419 648 2440 z
671 2413 705 2440 ut
724 2409 833 2441 furore
859 2412 1024 2448 teneatur;
1044 2418 1126 2440 nam
1154 2409 1308 2440 nondum
1333 2407 1492 2449 furebat.
1516 2420 1530 2435 υ
1557 2408 1724 2448 prolepsis

238 2456 316 2488 haec
339 2460 399 2489 est.

279 2505 310 2536 2.
331 2504 399 2543 Vll,
422 2504 493 2536 357.
516 2523 557 2528 —
577 2505 710 2537 Semnus
733 2514 740 2536 :
771 2520 785 2534 α
813 2506 963 2537 Nondum
983 2505 1023 2536 ad
1044 2505 1173 2546 plenum
1195 2504 1332 2544 furebat,
1356 2503 1439 2535 unde
1461 2513 1518 2544 per
1538 2503 1725 2535 muliebrem

238 2552 438 2583 iracundiam
460 2553 559 2584 mixta
579 2554 752 2594 asperitate
772 2553 983 2594 loquebatur,
1008 2562 1082 2584 nam
1108 2553 1167 2583 hoc
1189 2555 1237 2584 est
1257 2565 1272 2580 «
1294 2554 1429 2583 matrum
1453 2551 1493 2583 de
1517 2561 1642 2584 more...
1668 2564 1683 2580 »

277 2600 309 2632 3.
330 2600 406 2631 Jure
426 2601 534 2632 laudat
555 2601 688 2632 Servius
716 2614 730 2629 «ι
756 2601 905 2632 callidam
926 2601 1245 2641 argumentationem.
1276 2613 1290 2628 n

277 2647 308 2680 4.
332 2648 385 2678 Sic
408 2658 534 2689 quoque
553 2649 693 2680 Aeneam
714 2649 847 2680 Latinae
866 2651 1030 2679 matronae
1050 2649 1082 2678 in
1104 2648 1255 2688 precibus
1275 2647 1452 2688 appellant,
1470 2647 1526 2685 XI,
1549 2647 1620 2680 484.

277 2696 308 2725 5.
329 2694 375 2728 Cf.
399 2696 514 2727 Pnoem
542 2695 857 2728 Clzrestomalhiczm
879 2706 889 2727 .·
918 2710 932 2724 «
957 2696 1125 2736 <Ὲλένη
1146 2697 1203 2728 καὶ
1228 2695 1382 2737 Πάρις>
1403 2695 1483 2736 μετὰ
1503 2694 1559 2736 τὴν
1585 2697 1666 2736 μῖξιν
1687 2693 1727 2727 τὰ

238 2746 375 2776 meto-m
404 2742 554 2784 κτήματα
588 2740 749 2783 ἐνθέμενοι
769 2745 883 2781 νυκτὸς
904 2742 1142 2777 ἀποπλέουσιν.
1169 2756 1184 2771 n
1210 2762 1249 2766 —
1269 2744 1363 2774 Adde
1383 2744 1470 2784 quod
1490 2744 1522 2774 in
1544 2742 1724 2783 Cyprfflcis,

237 2800 319 2830 quae
343 2790 511 2827 dicuntur,
545 2792 758 2831 poematibus,
787 2794 950 2822 narratum
980 2791 1038 2822 suit
1070 2792 1210 2822 Aeneam
1241 2790 1363 2828 Paridi,
1398 2790 1551 2822 Helenam
1579 2793 1724 2831 rapturo,

239 2838 386 2869 comitem
405 2838 581 2869 adstitisse.
598 2838 660 2878 (Cf.
683 2839 777 2877 ibid„
800 2839 851 2870 ed.
871 2839 989 2876 Didot‚
1008 2848 1037 2879 p.
1060 2838 1147 2878 581.)

279 2884 309 2917 6.
335 2884 489 2917 Ducenda
508 2900 549 2912 =
568 2885 772 2919 abducenda.
794 2886 956 2928 (Semnus,
977 2886 1010 2917 in
1030 2886 1115 2919 Aen.
1139 2885 1206 2925 Vll,
1226 2884 1311 2926 359).
