1889 3319
713 205 842 234 CAPUT
877 206 1074 235 TERTIUM.
1583 187 1639 231 87

151 319 413 373 scendere1,
433 345 490 351 —
504 319 578 362 vix
598 322 750 369 tamen
766 320 812 362 in
833 322 1033 362 mentem
1053 320 1185 362 nobis
1207 320 1362 362 venire
1385 321 1550 377 potest,
1573 318 1641 360 fe—

151 392 322 438 minam
346 390 485 444 hanc,
515 390 697 433 Aeneae
728 390 842 433 adeo
870 393 914 433 et
941 390 1092 433 animo
1121 395 1164 433 et
1190 405 1380 449 corpore
1409 390 1637 442 devotam,

151 458 345 506 mortem
373 462 414 504 ei
440 461 672 504 crudelem
700 464 837 519 atque
864 461 1117 517 ignobilem
1144 462 1292 520 primo
1321 464 1479 519 optare
1510 475 1519 505 :

318 591 433 633 Spero
454 591 633 632 equidem
653 590 802 630 mediis,
825 591 857 623 si
879 590 971 632 quid
994 591 1054 633 pia
1075 590 1238 624 numina
1261 592 1436 632 possunt,

318 644 508 686 supplicia
527 644 744 677 hausurum
767 644 955 685 scopulis3

151 759 290 802 immo
310 759 461 812 etiam,
479 761 572 800 tam
587 757 715 800 brevi
736 761 942 815 tempore
962 757 1236 811 intermisso,
1260 756 1500 815 deplorare
1521 754 1644 813 quod

153 832 352 888 nequeat

544 899 750 940 abre-ptum
773 898 953 932 divellere
972 907 1110 939 corpus
1132 901 1169 932 et
1190 898 1304 931 undis

361 961 556 995 spargere,
578 962 658 985 non
679 953 817 992 socios,
836 961 916 985 non
937 953 1066 993 ipsum
1084 953 1290 985 absumere
1311 952 1408 984 ferro

358 1007 584 1046 Ascanium,
606 1006 820 1048 patriisque
841 1006 1078 1048 epulandum
1100 1014 1241 1047 ponere
1263 1006 1455 1039 mensis...

156 1120 277 1174 Quid
305 1121 392 1165 sibi
425 1124 610 1163 cruenta
644 1119 729 1162 ista
766 1120 941 1162 somnia
968 1119 1158 1162 volunt?
1192 1120 1421 1162 Tantaene
1462 1118 1646 1161 tenerri-

153 1192 238 1234 mis
286 1191 447 1234 animis
491 1192 608 1234 irael
660 1190 885 1234 Mitiorem
934 1191 1137 1249 profecto
1190 1195 1234 1233 et
1290 1190 1644 1232 moderatiorem

153 1262 355 1305 Ariadna
383 1277 429 1305 se
457 1266 675 1321 praestat,
714 1277 848 1319 quam
878 1262 1026 1304 minus
1054 1265 1205 1304 tamen
1227 1261 1508 1304 moderatam
1526 1275 1641 1313 esse,

158 1333 332 1390 majore
360 1333 527 1389 injuria
562 1334 733 1375 laesam
769 1337 812 1374 et
840 1333 1061 1389 majorem
1098 1334 1141 1374 in
1172 1347 1436 1374 aerumnam
1469 1332 1646 1373 demer-

159 1418 271 1458 sam,
302 1405 489 1448 liceat...
516 1403 695 1462 Quippe
716 1419 831 1461 quae
860 1404 918 1446 al)
937 1404 1267 1446 Eumenidibns
1285 1404 1514 1461 postulata
1536 1417 1645 1460 sup-—

154 1475 292 1534 plicia
317 1490 407 1518 non
436 1479 530 1518 tam
558 1476 691 1518 certis
726 1475 878 1517 verbis
918 1475 1159 1531 designare
1187 1490 1335 1533 neque
1370 1478 1462 1517 tam
1500 1474 1646 1517 saevis

154 1547 270 1589 votis
300 1546 490 1590 definire
513 1550 641 1589 curet
671 1561 680 1591 :

384 1679 478 1717 Huc,
499 1676 574 1709 huc
595 1676 816 1717 adventate,
840 1685 947 1710 meas
967 1677 1100 1710 audite
1121 1676 1311 1718 querellas

381 1733 506 1769 <et>
524 1729 632 1771 quali
654 1730 775 1762 solam
797 1730 970 1763 Theseus
992 1739 1052 1763 me
1075 1733 1205 1763 mente
1230 1729 1390 1771 reliquit

384 1783 450 1816 tali
470 1786 613 1822 mente,
635 1785 749 1823 Deae,
772 1783 946 1816 funestet
963 1792 1082 1825 seque
1104 1792 1273 1824 suosque
1284 1783 1309 1816 ⁹2.

158 1895 384 1939 Catullum
418 1899 570 1939 tamen
602 1897 666 1938 ibi
694 1896 926 1952 Vergilius
959 1897 1105 1939 noluit
1141 1896 1294 1954 sequi,
1333 1895 1649 1954 Euripideam-

159 1982 246 2025 que
285 1971 363 2010 aut
398 1967 778 2026 Apollonianam³
817 1968 1025 2012 Medeam
1064 1968 1233 2010 referre
1270 1968 1421 2025 potius
1464 1967 1645 2020 habuit3

159 2053 297 2096 quam
322 2042 490 2092 tamen,
522 2053 625 2081 cum
651 2042 813 2082 natura
842 2039 1172 2097 superbissima
1193 2039 1266 2092 sit,
1297 2041 1340 2080 et
1366 2038 1550 2080 ultionis
1573 2053 1651 2096 ap-

157 2109 363 2167 petens&
404 2113 448 2152 et
481 2110 598 2164 fera,
628 2114 874 2169 propterea
913 2111 1060 2166 magis
1089 2110 1332 2155 verisimile
1371 2113 1438 2152 est
1470 2110 1516 2151 in
1550 2114 1649 2152 tan-

158 2183 227 2223 tas
252 2181 415 2224 iratam
442 2181 824 2224 debacchationes
853 2181 1018 2240 abripi.

202 2356 230 2389 1.
254 2356 337 2397 Ipsis
357 2360 462 2388 autem
484 2359 650 2389 vocabulis
675 2359 793 2399 quibus
814 2359 896 2389 Dido
922 2358 1063 2389 Aeneam
1084 2358 1229 2389 vicissim
1251 2358 1435 2398 compellat,
1464 2358 1649 2390 increscens

158 2403 207 2434 ira
228 2404 436 2443 significatur.
460 2405 513 2441 IV,
537 2405 598 2435 3273
620 2417 626 2438 1
651 2405 794 2446 hospes:
814 2405 864 2442 IV,
888 2405 947 2435 424
971 2415 977 2435 :
1001 2405 1121 2436 hostis.
1143 2405 1263 2445 Nempe
1292 2406 1323 2435 in
1353 2406 1531 2445 posteriore
1553 2415 1649 2437 versu

158 2460 221 2481 non
240 2451 402 2482 veteribus
423 2451 658 2492 interpretibus
679 2453 845 2484 adsentior
866 2453 917 2493 qui
943 2452 1041 2491 (apud
1064 2452 1176 2491 Ssav„
1199 2453 1219 2483 i.
1245 2453 1275 2484 11.
1294 2453 1329 2493 l.)
1344 2452 1473 2484 hostem
1492 2453 1650 2494 iuterpre-

159 2500 302 2529 tarentur
324 2502 472 2540 tanquam
493 2500 680 2537 advenum,
702 2501 940 2541 purcqrinzmn,
971 2499 1151 2540 hospitem.
1177 2500 1231 2530 Hic
1257 2500 1440 2531 meminisse
1463 2501 1555 2531 decet
1582 2500 1653 2532 Gan

160 2544 264 2586 (Diffi,
284 2545 307 2584 I,
328 2555 395 2583 XVI,
417 2546 489 2587 234)
509 2556 516 2577 :
540 2559 554 2575 «
581 2546 667 2584 Quos
691 2557 749 2577 nos
778 2547 892 2578 lzosles
912 2547 1129 2586 appellamus,
1152 2556 1208 2577 eos
1230 2550 1353 2577 veteres
1377 2547 1570 2587 perduelles
1589 2558 1652 2588 ap-

160 2591 327 2632 pellabant
346 2602 404 2633 per
423 2603 491 2624 eam
512 2594 727 2634 adjectionem
749 2594 930 2624 iudicantes
951 2603 1021 2624 cum
1043 2594 1162 2634 quibus
1184 2594 1301 2624 bellum
1322 2598 1420 2627 esset.
1443 2608 1456 2622 »
1481 2595 1518 2626 V.
1541 2605 1651 2636 supra,

160 2648 192 2678 p.
211 2638 262 2678 73,
285 2649 317 2672 n.
341 2641 368 2671 1.

200 2685 232 2717 2.
257 2687 407 2726 Lx1v,195
427 2698 497 2728 sqq.

201 2733 231 2765 3.
256 2734 302 2765 Cf.
329 2744 438 2776 supra,
463 2745 494 2775 p.
510 2735 550 2767 53
570 2735 712 2767 additam
736 2738 858 2768 notam.
875 2754 914 2759 —
935 2735 1070 2776 Insuper
1086 2735 1135 2766 his
1153 2739 1296 2767 materna
1310 2736 1502 2777 Euripideae
1522 2737 1655 2770 Medeae

163 2779 316 2821 superbia
335 2782 484 2821 laeditur,
508 2793 570 2824 quo
589 2783 690 2823 magis
711 2783 838 2814 efferari
859 2783 1004 2815 naturale
1025 2786 1085 2816 est.

204 2827 235 2861 4.
257 2829 400 2870 Aryon„
421 2829 475 2869 IV,
496 2840 527 2862 v.
549 2829 695 2861 385-390
720 2839 727 2861 z

965 2898 1001 2934 ἐκ
1022 2902 1055 2935 δέ
1075 2915 1112 2934 σε
1137 2901 1261 2944 πάτρης

559 2945 666 2982 αὐτίκ’
688 2947 763 2991 ἐμαί
785 2950 817 2981 σ’
845 2948 996 2983 ἐλάσειαν
1023 2949 1180 2992 Ἐρινύες,
1200 2953 1262 2983 etc.
