1889 3319
247 187 330 229 134
795 201 896 230 PARS
929 201 1169 231 POSTERIOR.

306 335 325 355 «
354 316 464 369 Quis
495 336 515 356 »
546 320 594 359 ut
620 317 681 358 ait
701 317 800 375 ipse
828 316 1075 373 Vergilius,

733 429 863 463 fallere
889 429 1014 471 possit
1034 432 1257 462 amantem?

674 483 814 516 Omnia
836 487 920 516 tuta
943 483 1094 516 timet...

238 577 429 620 Fallitur
449 582 600 620 autem
614 578 825 621 facillime
848 579 979 621 Anna
1000 594 1025 621 a
1041 579 1260 622 moritura
1281 579 1456 622 Didone
1479 594 1617 638 seque
1634 584 1730 623 tum

239 647 431 707 praebet
459 648 643 691 minime
678 650 1005 707 perspicacem.
1044 649 1208 692 Didoni
1245 651 1365 693 enim
1399 651 1730 708 tranquillioris

239 723 283 762 et
318 719 558 777 pacatioris
587 720 725 762 animi
760 721 957 777 speciem
987 735 1097 778 prae
1125 735 1172 763 se
1198 721 1361 764 ferenti
1389 721 1577 764 credula
1604 737 1731 764 soror

238 804 327 832 non
368 790 548 833 diffidit.
598 790 805 842 Quietem
842 792 989 843 illam,
1031 807 1147 849 quae
1182 792 1319 850 paulo
1359 796 1460 834 ante
1496 792 1728 850 provideri

239 861 364 903 nullo
393 861 528 903 modo
556 862 760 919 profecto
788 863 958 920 potuit,
991 863 1208 920 illamque
1236 863 1415 905 facilem
1448 878 1499 906 ac
1533 864 1731 907 suhitam

238 946 386 990 nuper
413 932 526 975 adeo
554 934 745 975 furentis
778 934 972 975 feminae
1013 935 1374 987 conversionem,
1410 949 1501 977 non
1540 935 1731 978 miratur

240 1003 374 1045 Anna
400 1018 489 1045 neu
524 1008 783 1062 suspectam
810 1004 964 1047 habet.
996 1004 1221 1047 Didonem

675 1115 859 1149 simulata
880 1119 1011 1149 mento
1034 1116 1207 1150 locutam

237 1183 324 1210 non
355 1168 595 1224 intellegIt.

296 1239 543 1298 Postquam
590 1240 731 1296 igitur
778 1242 937 1297 regina
984 1242 1024 1284 ei
1074 1242 1279 1297 magicas
1331 1245 1451 1284 artes
1498 1242 1724 1300 exposuit,

236 1311 402 1369 quibus
436 1311 532 1354 fore
562 1316 607 1354 ut
639 1312 707 1354 vel
737 1312 823 1354 sibi
852 1313 1072 1355 reddatur
1106 1315 1299 1367 Aeneas,
1336 1313 1405 1356 vel
1433 1313 1532 1372 ipsa
1564 1313 1622 1356 al)
1649 1313 1727 1356 illo

237 1383 365 1440 quasi
388 1383 612 1437 solvatur,
645 1399 827 1441 sperare
857 1385 933 1437 ait,
965 1390 1100 1442 atque

505 1496 600 1529 haec
620 1496 736 1529 effata
758 1496 847 1529 silet
870 1507 877 1529 ε
900 1496 1023 1538 pallor
1043 1497 1159 1529 simul
1180 1501 1435 1539 occupatore,

236 1606 323 1633 non
365 1592 587 1650 pallorem
628 1593 780 1645 istum⁷
823 1594 975 1636 arcani
1014 1593 1253 1650 cujusdam
1281 1597 1324 1635 et
1356 1594 1519 1635 funesti
1548 1593 1723 1637 consilii

233 1663 362 1720 quasi
392 1664 690 1722 proditorem,
724 1665 831 1708 satis
860 1665 1182 1708 animadvertit
1202 1666 1378 1719 Anna¹‚
1409 1680 1492 1707 nec
1520 1679 1722 1707 sororem

232 1735 369 1776 sentit
405 1735 563 1778 ultimo
603 1736 679 1778 illo
720 1736 1115 1793 intentissimoque
1152 1736 1196 1778 in
1227 1736 1570 1778 dissimulandis
1599 1736 1723 1791 cogi-

231 1806 480 1848 tationibus
509 1807 602 1849 suis
631 1808 730 1849 nisu
761 1807 883 1849 velut
912 1807 1177 1850 exhaustam
1200 1807 1425 1850 fatiscere.

292 1878 391 1929 Qua
428 1893 534 1920 vero
572 1878 627 1920 de
665 1894 815 1931 eausa,
843 1879 927 1921 nisi
962 1879 1069 1936 quia
1102 1894 1260 1921 revera
1294 1894 1381 1921 non
1412 1882 1561 1921 mente
1596 1878 1725 1920 adse-

229 1949 384 2006 quitur
410 1953 586 1992 tantum
624 1950 845 2002 dolorem,
878 1951 949 1992 cui
985 1954 1277 2008 praematura
1311 1950 1521 1993 adhiberi
1557 1950 1724 1992 solacia

230 2020 523 2079 subitumque
553 2022 688 2064 finem
716 2023 888 2080 imponi
918 2037 1051 2080 posse
1076 2023 1334 2065 existimet?
1362 2022 1493 2074 Quod
1520 2026 1721 2065 ceterum

230 2096 271 2134 et
300 2093 397 2150 ipse
425 2098 559 2150 poeta
583 2093 693 2136 dixit
723 2109 731 2138 :

689 2208 770 2240 Non
793 2210 926 2239 tantos
947 2210 1078 2240 mente
1099 2206 1250 2240 dolores

435 2252 620 2294 concipit,
641 2257 710 2286 aut
730 2255 910 2295 graviora
934 2255 1044 2288 timet
1065 2263 1181 2296 quam
1204 2257 1328 2287 morte
1349 2253 1541 2295 Sychaci2.

269 2382 297 2413 1.
321 2382 508 2423 Quanquam
530 2383 618 2415 videt
644 2384 728 2416 hunc
755 2385 923 2425 pallorem,
958 2386 1051 2416 sicuti
1084 2396 1113 2415 v.
1137 2385 1197 2416 500
1218 2384 1400 2416 ostenditur
1430 2393 1436 2414 :
1461 2397 1475 2411 ιι
1507 2383 1581 2414 Non
1605 2385 1720 2414 tamen

225 2430 317 2461 Anna
339 2431 431 2461 nost-'is
448 2435 635 2471 praetexere
659 2433 771 2463 funera
793 2434 912 2471 sacris,
935 2437 995 2464 etc.
1019 2446 1032 2460 »
1066 2433 1210 2464 Remmia

267 2477 297 2508 2.
323 2479 424 2515 Aen„
450 2478 503 2517 lv,
525 2479 596 2510 502.
620 2497 658 2502 ——
690 2479 886 2512 Dissimilem
909 2481 940 2511 in
967 2481 1095 2511 modum
1118 2481 1200 2511 hunc
1221 2489 1349 2510 versum
1377 2479 1583 2519 explicavere
1603 2478 1717 2509 critici.

224 2524 397 2565 Perperam
421 2525 566 2564 Rimmon,
588 2527 731 2564 Bsxmsr,
755 2528 1069 2558 L.=.ni:w1e—S‹:um·fin
1093 2537 1099 2558 :
1124 2541 1138 2556 «
1168 2537 1262 2567 quam
1288 2536 1369 2566 quae
1399 2526 1429 2556 in
1462 2529 1560 2557 mort-3
1582 2525 1719 2565 Sychaei

223 2572 373 2603 timuerat
407 2585 432 2604 »‚
468 2573 563 2604 Recte
601 2574 757 2613 Sfflivws,
795 2575 943 2605 NV,=.uxizn
978 2584 984 2605 :
1023 2589 1037 2603 «
1157 2584 1252 2614 quam
1286 2583 1366 2614 quae
1396 2572 1583 2603 acciderunt
1621 2576 1720 2604 morte

224 2618 359 2658 Sychaei
393 2632 419 2657 »,
451 2621 501 2650 vel
524 2621 649 2651 lx'fxppsss
677 2636 691 2649 «
779 2632 873 2662 quarn
904 2633 985 2663 quae
1012 2623 1139 2653 viderat
1170 2625 1268 2652 morte
1299 2621 1434 2661 Sychaei
1466 2634 1493 2658 »,
1516 2621 1565 2651 vel
1595 2621 1717 2651 HENRY.

221 2666 396 2697 Aeneidea
416 2677 422 2697 2
446 2680 460 2694 u
484 2678 576 2708 quam
597 2678 679 2708 quae
701 2672 800 2700 morte
823 2670 957 2709 Sychaei
980 2670 1029 2700 vel
1056 2671 1139 2703 fecit.
1163 2670 1212 2699 vel
1237 2679 1328 2709 passa
1352 2672 1399 2698 est
1422 2668 1514 2698 Dido.
1541 2681 1554 2695 υ
1571 2686 1607 2690 —-
1630 2667 1717 2706 Vid'.,

221 2713 260 2744 de
288 2714 347 2745 hoc
380 2724 487 2753 versu,
512 2716 598 2755 apud
634 2716 756 2756 chnr,
794 2717 948 2754 Aeneicl„
979 2718 1018 2748 ad
1050 2717 1102 2757 IV,
1134 2716 1206 2754 502,
1238 2716 1413 2746 notabilem
1446 2715 1556 2746 Jacobi
1585 2715 1650 2746 Fox
1678 2715 1718 2746 ad

222 2760 418 2792 winemaro
441 2764 607 2802 epistolam
629 2764 827 2803 <britannum
856 2768 973 2795 textum
1005 2765 1034 2794 in
1064 2768 1213 2804 promptu
1241 2773 1302 2794 non
1330 2764 1395 2803 jain
1424 2763 1539 2799 liabeo,
1562 2772 1665 2803 neque
1686 2763 1718 2793 in

221 2808 353 2839 latinum
376 2811 535 2841 transfero
557 2821 593 2841 ne
618 2812 721 2841 minus
752 2813 831 2842 ΜΗΘ
853 2813 1042 2842 sententium
1072 2812 1218 2849 reddam)
1242 2821 1248 2841 :
1271 2824 1285 2838 «
1307 2811 1344 2842 Je
1365 2811 1451 2841 crois
1472 2821 1539 2852 que
1560 2810 1595 2841 [α
1617 2810 1718 2841 chose

223 2854 257 2885 la
275 2855 356 2896 plus
375 2857 544 2897 gros-§iere
565 2858 654 2889 dans
675 2868 710 2889 ce
732 2858 827 2895 liure,
851 2869 916 2890 non
939 2861 1155 2890 assure'menc
1175 2868 1220 2889 ctu
1250 2859 1349 2899 point
1375 2858 1416 2888 de
1443 2868 1503 2889 une
1529 2858 1571 2889 de
1594 2857 1717 2888 l’z'nde‘-

224 2912 335 2941 cem-e,
359 2905 446 2935 mais
467 2905 512 2935 (lu
532 2916 683 2947 >nanque
706 2906 746 2937 de
765 2907 958 2943 sentiment,
982 2910 1029 2937 est
1059 2906 1090 2938 le
1123 2916 1194 2937 vers
1217 2909 1295 2939 502.
1324 2920 1337 2933 (ι
1361 2907 1461 2936 Anna
1485 2906 1626 2947 pen-sctit
1652 2915 1717 2946 que
