1889 3319
714 208 842 238 CAPUT
877 208 1075 238 TERTfflM.
1584 194 1640 237 73

155 323 308 382 risque
339 323 587 366 lectoribus
619 323 798 366 Aeneas
831 324 1086 382 displiceat,
1129 325 1283 367 solitos
1318 326 1396 383 qui
1428 324 1642 368 dicuntur

153 394 294 438 fuisse
321 394 628 453 antiquorum,
659 394 882 453 imprimis
918 396 963 438 in
990 395 1174 438 heroico
1203 410 1330 450 aevo,
1361 410 1510 441 mores
1546 410 1639 439 res-

153 466 432 525 pexerimus,
471 466 588 509 nihil
623 466 749 509 aliud
798 481 933 523 agere
984 467 1187 509 Aeneam
1222 467 1352 510 facile
1380 467 1638 511 videbimus

154 552 291 596 quam
317 537 441 597 quod
466 541 569 580 ante
596 537 726 582 illum
753 538 884 581 multi
903 538 1064 582 heroes
1088 538 1234 594 egisse
1254 538 1467 582 dicuntur
1491 554 1499 585 :
1523 540 1641 583 inter

154 623 268 667 quos
290 609 395 652 Jaso
423 611 468 652 et
493 608 712 654 Theseus.

211 680 347 723 Nulla
374 681 493 723 enim
522 695 619 725 esse
647 684 796 740 potest
823 682 1128 727 controversia
1159 682 1268 740 quin
1301 682 1464 741 priscis
1492 697 1642 726 remo-

152 753 431 795 tissimorum
458 755 718 810 temporum
744 753 853 796 viris
886 754 1021 811 plane
1048 753 1277 796 inauditus
1312 758 1356 797 et
1382 755 1642 813 inexpertus

153 839 281 867 amor
305 823 390 866 iste
409 824 562 877 fuerit,
590 838 680 882 quo
707 824 777 866 vir
804 839 960 867 amans
988 827 1164 868 amatae
1191 825 1388 868 feminae
1410 841 1549 885 seque
1578 830 1644 869 to-

151 898 245 938 tam
271 895 470 939 tradenti
498 895 754 951 obligatum
793 910 839 938 se
878 899 1010 954 putat
1046 911 1098 939 eo
1131 897 1231 955 ipso
1269 901 1426 940 mutuo
1467 912 1638 951 amore,

152 967 283 1026 quasi
321 967 582 1011 firmissimo
623 968 828 1021 vinculo,
875 967 1071 1025 ideoque
1116 968 1162 1010 111
1210 968 1309 1025 ejus
1344 969 1639 1027 obsequium,

152 1053 414 1097 quanquam
441 1038 615 1082 viribus
645 1042 688 1082 et
714 1039 897 1096 ingenio
926 1040 1100 1095 melior,
1132 1040 1258 1083 velut
1285 1041 1322 1085 si
1349 1040 1405 1083 de
1434 1055 1514 1083 suo
1538 1041 1642 1097 jure

152 1110 358 1164 decedat,
389 1110 651 1154 inflectitur.

209 1183 423 1227 Mulieres
457 1183 597 1239 igitur
634 1183 715 1236 illi,
754 1184 1161 1243 quotienscumque
1198 1199 1287 1227 non
1318 1188 1368 1227 ut
1393 1199 1643 1243 puerorum

107 1258 110 1260 ’
150 1255 404 1310 genetrices
441 1253 528 1299 sibi
551 1253 810 1311 adjungunt
839 1255 960 1313 (tunc
988 1256 1108 1298 enim
1135 1255 1286 1300 stabili
1314 1256 1510 1300 conubio
1533 1256 1642 1313 jun-

151 1326 324 1383 gendas
353 1341 450 1369 esse
477 1326 749 1385 plerumque
776 1327 1083 1386 intellegunt),
1115 1328 1246 1371 sicuti
1270 1328 1456 1372 demum
1485 1329 1644 1387 volup-

150 1399 255 1442 tatis
281 1399 583 1442 instrumenta
609 1398 836 1457 quaedam
874 1398 1044 1442 habere
1085 1400 1254 1453 solent;
1290 1400 1335 1443 in
1363 1416 1479 1459 quae
1518 1401 1644 1444 nulla

149 1470 253 1527 lege
278 1470 335 1513 ad
361 1469 567 1513 debitum
606 1469 856 1529 quodpiam
889 1471 1088 1514 officium
1116 1471 1473 1528 obstringantur.
1506 1472 1644 1529 Fugi-

150 1542 242 1585 tivo
293 1541 611 1585 tantummodo
659 1557 762 1585 cum
797 1543 851 1585 iis
896 1542 1230 1586 oblectamento
1280 1544 1510 1599 fruuntur,
1557 1560 1642 1588 nec

151 1613 277 1657 aliud
321 1613 433 1673 quid
480 1614 689 1674 polliceri
733 1629 780 1657 se
824 1629 959 1673 posse
1005 1614 1300 1669 arbitrantur,
1346 1631 1483 1674 quam
1517 1615 1642 1675 quod

150 1685 329 1730 Aeneas
360 1701 369 1731 ε

551 1771 628 1804 Nec
649 1778 711 1804 me
731 1769 962 1803 meminisse
982 1769 1129 1812 pigebit
1150 1769 1296 1804 EHssae

324 1823 418 1858 dum
439 1831 589 1858 memor
608 1824 690 1866 ipse
713 1823 806 1863 mei,
831 1823 925 1856 dum
947 1823 1107 1866 spiritus
1126 1823 1198 1857 hos
1218 1824 1318 1866 regit
1339 1827 1459 1858 artus.

205 1961 364 2021 Neque
393 1962 579 2005 enimin
607 1977 765 2006 eorum
792 1966 991 2006 mentem
1018 1963 1142 2006 venit
1169 1963 1293 2021 quod
1316 1963 1637 2021 hujuscemodi

148 2048 276 2077 amor
307 2034 431 2077 aliud
464 2049 602 2093 quam
642 2034 833 2077 bellicae
870 2038 946 2077 aut
984 2035 1178 2077 errantis
1217 2036 1363 2078 vitae¹
1393 2036 1636 2081 diverticu-

145 2105 241 2148 lum
268 2106 500 2165 quoddam
529 2121 627 2149 esse
656 2106 832 2164 queat?
876 2106 942 2149 Ea
968 2109 1035 2151 est
1068 2107 1271 2149 omnium
1303 2107 1512 2162 heroum,
1538 2111 1636 2168 qui-

145 2176 232 2220 bus
258 2178 304 2220 in
333 2177 610 2222 Graecorum
638 2180 715 2220 aut
740 2177 1022 2230 Latinorum,
1053 2178 1125 2220 vel
1161 2179 1317 2236 epicis,
1348 2180 1419 2221 vel
1447 2181 1632 2237 tragicis

143 2249 218 2292 vel
254 2249 409 2306 lyricis
448 2250 627 2308 scriptis
668 2250 970 2302 occurrimuS,
1016 2250 1270 2292 communis
1307 2252 1558 2306 sententia;
1601 2254 1629 2296 ii

145 2323 249 2363 sunt
289 2321 409 2364 soliti
434 2335 605 2374 mores,
637 2335 690 2364 ea
729 2320 934 2376 legitima
973 2324 1017 2363 et
1044 2320 1273 2364 ordinaria
1300 2324 1626 2368 consuetud03.

185 2449 214 2483 1.
236 2451 323 2482 Bene
343 2450 424 2482 Dido
444 2451 585 2482 Aeneam
606 2451 748 2482 nominat
764 2460 770 2481 ε
786 2464 800 2479 1<
818 2450 988 2484 hostem...
1010 2452 1196 2492 superbum.
1216 2453 1299 2491 »1V‚
1323 2453 1629 2496 424,Sjffl1toptfme

141 2497 332 2530 PEERLKAMP
357 2512 372 2527 «
394 2498 554 2540 Vergilius
571 2499 631 2530 boc
652 2500 687 2538 (ι’.
709 2508 737 2530 e.
761 2499 883 2529 scilicet
904 2498 1049 2540 hos-tem]
1070 2499 1148 2530 dicit
1166 2510 1261 2531 sensu
1282 2511 1426 2534 romano.
1445 2515 1460 2530 »
1480 2502 1515 2534 V.
1533 2504 1628 2543 infra,

142 2556 176 2587 p.
198 2545 250 2585 87,
272 2555 304 2577 rr.
325 2545 354 2579 1.

180 2593 210 2626 2.
235 2593 282 2626 Cf.
304 2594 337 2624 in
357 2594 521 2634 Euripidis
538 2592 657 2625 Medea
676 2593 838 2632 Jasonem,
860 2603 924 2624 non
942 2593 1035 2624 aliter
1055 2604 1149 2635 quam
1171 2595 1299 2626 Aeneas
1327 2599 1357 2627 et
1387 2597 1576 2628 sentientem
1597 2601 1629 2629 et

138 2641 336 2682 loquentem.
356 2659 396 2664 —-
414 2642 509 2682 Apud
530 2642 736 2681 Apollonium
757 2650 900 2681 quoque,
924 2643 1052 2681 paulum
1073 2644 1165 2673 abest
1189 2646 1221 2673 ut
1240 2643 1385 2675 Medeam
1406 2644 1479 2675 Jaso
1497 2645 1628 2675 vixdum

139 2698 157 2720 a
177 2689 331 2720 Colchide
351 2689 516 2729 profectus
539 2689 741 2729 derelinquat
761 2689 796 2729 (l.
821 2689 873 2727 lV,
896 2689 956 2720 338
980 2690 1064 2730 sqq.)

179 2735 209 2767 3.
235 2736 282 2767 De
303 2737 363 2768 hoc
382 2746 508 2777 quoque
528 2746 591 2767 non
613 2737 720 2777 inepte
742 2737 778 2769 P.
802 2736 936 2774 CATRQU,
967 2736 1069 2779 Vir9.,
1094 2737 1146 2777 IV,
1169 2747 1200 2778 p.
1225 2738 1283 2770 129
1305 2749 1311 2770 :
1335 2752 1349 2767 «
1371 2738 1401 2769 Il
1421 2742 1469 2771 est
1487 2750 1533 2772 un
1554 2751 1628 2772 cer·-

141 2784 217 2816 zain
241 2783 381 2816 nombre
410 2783 450 2815 de
469 2793 590 2825 qens...
623 2784 683 2824 qui
708 2793 743 2815 se
771 2786 847 2814 sont
876 2785 1001 2815 re'crie's
1030 2788 1149 2817 contre
1177 2785 1434 2818 l'insense‘bz‘lite
1457 2782 1623 2822 cl'Enee...

138 2825 292 2874 Etranqe
311 2832 513 2872 corruption
533 2832 575 2862 cle
597 2841 658 2862 nos
677 2831 826 2863 moeurs!
852 2831 1025 2863 Heium-oie
1046 2832 1087 2864 de
1108 2824 1264 2865 l'Ene'icle
1284 2836 1346 2876 qui
1367 2836 1425 2876 fut
1447 2837 1626 2876 peut-§tre

139 2878 170 2910 le
188 2879 271 2920 plus
296 2881 473 2921 approuve'
495 2879 553 2910 des
577 2879 742 2911 Romains
767 2879 900 2911 s’czttire
930 2880 960 2912 le
979 2880 1061 2922 plus
1090 2880 1125 2912 la
1152 2891 1294 2914 censure
1322 2882 1402 2914 (l’un
1423 2883 1526 2915 siecle
1551 2886 1621 2927 qui,

138 2929 199 2961 etc.
224 2939 238 2955 »
260 2926 308 2959 Cf.
330 2927 524 2968 CONJNGTON,
546 2926 693 2966 Inlt‘od„
716 2937 746 2968 p.
770 2927 819 2960 12.

1466 2998 1481 3026 6
