1889 3319
632 218 759 247 CAPUT
795 218 992 248 TERTIUM.
1501 203 1555 245 43

73 336 270 379 consiliis
292 335 524 387 obsecuta,
543 334 761 377 ultionem
782 339 912 393 paret
933 339 975 377 et
997 337 1267 391 exsequatur
1286 332 1418 385 Dido,
1445 331 1557 374 illud

72 408 118 449 in
145 407 342 465 antiquis
375 405 541 448 fabulis
580 405 677 447 fuse
716 406 1041 464 explicabatur,
1075 406 1189 447 sicut
1225 420 1246 447 e
1273 404 1453 452 Justini,
1484 418 1558 446 ve-

73 481 193 520 teres
236 477 477 519 historicos
524 477 776 534 sequentis,
826 475 1135 534 compendio¹‚
1182 476 1225 517 iu
1273 475 1358 517 hoc
1407 478 1558 516 tamen

74 548 296 605 longiore,
338 548 661 606 comperimus,
712 549 825 590 sicut
875 551 916 589 ct
954 547 1182 602 Vergilius
1230 547 1325 604 ipse
1367 546 1555 597 monuit,

76 619 230 663 dicens
261 633 270 663 :

675 691 806 730 Longa
827 692 886 722 est
906 689 1059 730 injuria,
1079 688 1217 730 longae

323 743 531 784 Ambages‚
550 742 619 775 sed
639 751 794 775 summa
812 751 952 784 sequar
971 742 1129 783 fastigia
1148 751 1287 774 rerum.

139 861 264 915 Quae
288 876 395 904 vero
422 860 653 918 Vergilius
683 880 702 900 «
733 877 886 904 rerum
912 881 930 900 »
954 862 1136 904 illarum
1166 880 1185 900 «
1211 862 1385 916 fastigia
1413 880 1432 899 »
1461 875 1559 902 esse

74 932 370 989 judicaverit,
413 947 529 990 quae
568 948 619 974 ex
655 934 852 990 antiquis
888 933 1054 975 fabulis
1087 932 1145 975 ad
1177 932 1400 974 Didonem
1426 932 1563 989 perti-

77 1004 290 1047 nentibus
324 1005 588 1057 extraxerit,
627 1004 699 1046 vel
730 1004 961 1060 rejecerit,
992 1005 1180 1063 propius
1214 1003 1457 1046 observare
1492 1018 1563 1045 ex-

77 1075 219 1135 pedit.

140 1166 160 1186 «
195 1147 358 1201 Elissa,
390 1146 467 1190 diu
494 1148 679 1190 fratrem
713 1153 901 1206 propter
936 1148 1083 1189 scelus
1116 1152 1338 1191 aversata.
1370 1145 1431 1187 ad
1458 1160 1561 1203 pos-

79 1236 100 1258 «
137 1227 330 1261 tremum
370 1219 653 1262 dissimulato
693 1219 817 1272 odio,
865 1220 1161 1276 mitigatoque
1200 1218 1377 1260 interim
1418 1217 1558 1268 vultu,

80 1308 100 1330 «
135 1291 294 1346 fugam
320 1292 452 1333 tacite
481 1291 682 1334 molitur.
717 1310 736 1330 J)

137 1362 260 1405 Haec
303 1361 554 1405 secundum
592 1363 765 1421 priscas
811 1362 1021 1404 historias
1060 1361 1290 1407 Justinus:
1334 1359 1562 1414 Vergilius

78 1448 184 1476 vero
213 1433 459 1477 abolendas
488 1449 586 1476 esse
620 1449 770 1476 moras
799 1438 944 1476 tantas
973 1433 1211 1480 existimat,
1249 1431 1564 1488 Didonemque

79 1505 230 1548 statim
256 1509 307 1548 ut
326 1520 351 1548 a
370 1506 533 1548 marito
555 1505 786 1548 admonita
807 1505 969 1555 fuerat,
995 1503 1218 1562 proficisci
1247 1503 1563 1560 properavisse

78 1575 210 1632 fingit
239 1590 247 1621 :
279 1577 465 1630 scilicet,
492 1580 539 1619 ut
566 1577 741 1635 opinor,
772 1592 827 1619 ne
857 1575 1064 1618 videatur
1091 1574 1267 1617 vividus
1290 1575 1437 1615 minus
1466 1573 1564 1629 ejus

77 1646 123 1689 in
162 1648 380 1690 amissum
429 1647 674 1704 conjugem
725 1662 866 1700 amor,
909 1660 1020 1688 neve
1067 1647 1214 1688 minus
1267 1644 1564 1687 admiratione

79 1718 220 1775 digna
243 1719 438 1762 feminae
467 1719 672 1769 audacia,
704 1718 929 1776 siquidem
957 1717 1125 1760 diutius
1153 1717 1347 1772 cogitata
1377 1716 1566 1757 circum-

80 1794 327 1849 spectaque
354 1791 529 1835 fuisset.
565 1791 630 1833 Eo
664 1790 956 1848 spectabilior
983 1790 1080 1845 ejus
1108 1789 1189 1830 fuit
1225 1803 1314 1846 quo
1346 1786 1404 1829 ad
1430 1800 1566 1841 agen—

80 1860 189 1903 dum
215 1863 472 1920 promptior
496 1861 731 1904 fortitudo.

141 1932 267 1985 Quae
300 1937 453 1976 autem
485 1937 739 1991 sequuntur
772 1933 817 1974 in
850 1932 1046 1989 antiquis
1085 1931 1267 1983 fabulis,
1310 1930 1367 1972 ab
1406 1929 1567 1972 eodem

79 2003 256 2047 ‚Iustino
294 2004 494 2054 traditis,
549 2005 773 2060 legenteS,
819 2004 1107 2046 vaferrimam
1153 2007 1196 2044 et
1243 2001 1567 2044 astutissimam

79 2074 389 2132 Pygmalionis
412 2090 614 2119 sororem
641 2075 859 2118 creditam
885 2075 1023 2118 fuisse
1050 2074 1304 2116 invenimus
1335 2087 1342 2117 :

142 2164 162 2186 «
288 2147 413 2190 Tunc
449 2148 636 2190 fratrem
676 2146 774 2189 dolo
818 2145 1105 2203 aqqreditur3
1164 2144 1275 2202 ztzqit
1301 2160 1343 2185 se
1376 2142 1437 2185 ad
1467 2157 1568 2185 enm

83 2235 104 2258 «
139 2217 333 2276 miqrczre
371 2218 503 2272 velle,
544 2233 599 2261 ne
640 2218 834 2276 amplius
878 2218 918 2259 ei
959 2217 1107 2258 mariti
1148 2216 1332 2269 domus,
1375 2214 1566 2272 cupidae

83 2307 104 2328 «
140 2288 398 2343 oblivionis,
429 2304 617 2345 gravem
643 2290 791 2331 luctus
823 2289 1070 2343 imaginem
1104 2291 1309 2338 revocet3
1341 2301 1422 2328 nec
1451 2285 1567 2327 ultro

84 2375 297 2403 «amara
347 2360 597 2403 admonitio
650 2360 792 2402 oculis
839 2360 937 2415 ejus
982 2363 1205 2401 occurrat.
1256 2357 1353 2399 Non
1402 2357 1568 2398 inritus

83 2449 104 2470 «
139 2431 409 2489 Pygmalion
437 2432 576 2474 verba
606 2431 772 2475 sororis
801 2430 1027 2473 audivit...
1059 2429 1139 2473 sed
1166 2429 1312 2471 Elissa
1340 2427 1568 2469 ministros

84 2521 104 2542 «
140 2504 427 2559 migrationis
454 2518 478 2546 a
505 2518 612 2559 rege
635 2504 812 2555 missos,
835 2502 1025 2544 navibus
1048 2515 1150 2543 eum
1172 2500 1382 2543 omnibus
1405 2498 1568 2556 opibus

85 2575 234 2617 «suis
284 2576 434 2633 prima
481 2589 673 2633 vespera
721 2574 934 2631 imponit,
985 2578 1289 2630 provectaque
1335 2572 1379 2612 in
1428 2570 1570 2611 altum

83 2663 103 2684 «
140 2646 373 2704 compellit
413 2661 489 2688 eos
535 2660 669 2687 onera
711 2659 895 2696 arenae,
937 2658 1018 2701 pro
1064 2643 1282 2701 pecunia,
1332 2640 1570 2683 involucris

85 2734 106 2755 «
142 2716 343 2759 involuta
383 2717 428 2758 in
467 2731 590 2758 mare
627 2715 841 2771 dejicere.
881 2715 1021 2766 Tunc,
1054 2713 1219 2771 deflens
1247 2712 1342 2770 ipsa
1370 2710 1571 2769 [affabri-

86 2805 106 2826 «
143 2802 228 2845 que
255 2802 357 2830 voce
383 2787 604 2831 Acerbam
637 2787 719 2828 ciet
739 2800 757 2839 ,·
790 2790 887 2828 orat
923 2790 969 2827 ut
1002 2785 1149 2827 libens
1185 2798 1294 2842 opes
1323 2797 1426 2825 suas
1455 2783 1570 2824 reci-

127 2922 158 2954 1.
184 2932 273 2961 xvni,
295 2922 324 2953 4.
