1889 3319
668 239 795 269 CAPUT
829 240 1004 269 rammi.
1530 225 1582 266 19

95 358 187 398 tata
214 354 382 398 solacia
407 354 546 396 fuisse
575 356 824 414 antiquitus
853 356 1066 398 traditum
1096 357 1205 407 erat,
1232 354 1312 397 sed
1334 355 1373 397 ei
1395 357 1579 412 praesto

96 426 294 470 adfuisse
323 424 574 477 Bacchum,
618 427 802 484 quando
830 428 993 469 Thesei
1034 441 1198 469 navem
1230 427 1275 468 in
1322 426 1411 468 alto
1446 425 1581 467 etiam

96 501 194 540 tum
239 497 500 555 conspicere
541 500 659 549 erat,
704 498 991 550 narrabatur,
1035 512 1293 555 novumque
1347 497 1439 538 sine
1492 495 1583 538 ulla

98 583 226 611 mora
254 567 496 624 conjugem
536 569 580 610 in
617 568 764 611 locum
808 569 990 611 vixdum
1031 569 1221 627 profecti
1256 568 1450 626 raptoris
1486 582 1583 609 suc-

99 640 302 682 cessisse.
345 639 494 697 Atque
537 640 601 681 sic
641 640 712 682 vel
752 640 809 682 ab
849 640 1154 682 alexandrinis
1195 640 1356 697 poetis,
1401 639 1513 680 sicut
1558 653 1579 680 e

98 710 259 754 Catulli
300 713 511 768 poemate
557 711 883 770 comperitur¹,
935 725 1006 754 res
1053 711 1280 753 Ariadnae
1334 710 1581 768 explicatae

99 785 240 825 erant.

158 853 338 906 Quanto
359 853 505 909 magis
521 853 642 911 apud
659 857 836 896 veteres
859 853 1042 896 Latinos
1058 857 1232 912 poetas,
1252 879 1305 884 ——
1320 854 1356 896 si
1375 852 1452 910 qui
1467 852 1582 894 forte

93 924 297 967 fabulam
333 924 467 966 istam
500 925 834 977 tractavissent,
866 924 1069 967 ——hunc
1109 926 1153 966 in
1194 924 1380 966 modum
1416 923 1581 965 factam

93 995 239 1038 fuisse
259 995 567 1038 narrationem
595 995 849 1053 putandum
877 997 965 1038 est!
997 995 1231 1053 Numquid
1270 995 1389 1037 enim
1419 994 1476 1036 ad
1508 1008 1583 1036 ro-

95 1081 253 1109 manos
281 1066 354 1108 vel
382 1067 626 1124 scriptores
658 1067 725 1108 vel
753 1067 945 1109 lectores
973 1066 1265 1109 delectandos
1294 1065 1584 1108 detinendos-

94 1152 182 1196 que
210 1137 452 1180 valuerunt
480 1138 573 1179 sive
604 1138 763 1180 molles
791 1138 995 1194 virginiS,
1027 1152 1179 1180 amare
1208 1137 1481 1194 incipientis,
1507 1151 1581 1178 cu-

93 1223 186 1262 rae,
209 1209 302 1251 sive
321 1207 529 1250 desertae
550 1208 757 1265 ejusdem
778 1210 1000 1265 angores?
1015 1209 1133 1251 Num
1150 1208 1416 1250 subrusticis
1435 1208 1582 1260 Quiri-

93 1283 206 1334 tum,
237 1306 294 1311 —
320 1280 392 1322 vel
420 1281 554 1322 etiam
593 1284 837 1338 postquam
865 1295 888 1322 a
919 1280 1102 1323 Graecis
1140 1280 1280 1322 excoli
1316 1282 1579 1337 coeperunt,

94 1378 149 1382 —
181 1350 466 1409 inficetisque
499 1351 716 1406 ingeniis,
748 1366 937 1393 veneres
976 1352 1087 1393 istae
1123 1350 1451 1408 Cupidinesque
1479 1365 1582 1407 pro-

94 1423 193 1466 bari
233 1423 475 1482 poterant?
516 1422 632 1475 Quid
675 1423 732 1465 ad
772 1423 871 1464 illos
906 1423 1171 1479 nugatoriae
1206 1423 1317 1464 istae
1351 1421 1582 1479 puellulae

95 1494 332 1551 cujusdam
362 1493 725 1536 sollicitudines?
755 1494 1047 1552 Quapropter
1076 1495 1197 1537 satis.
1223 1498 1272 1535 ut
1299 1494 1475 1551 opinor,
1499 1493 1583 1534 fuit

94 1566 265 1609 Latinis
304 1566 450 1624 poetis
489 1566 637 1608 obiter
679 1567 937 1608 narravisse
977 1565 1247 1618 Ariadnam,
1291 1591 1346 1596 —
1391 1564 1505 1606 sicut
1540 1567 1582 1606 et

94 1637 303 1681 Medeam
340 1664 392 1668 ·—
430 1637 524 1679 viso
558 1637 734 1679 Theseo
771 1637 859 1695 (vel
896 1637 1099 1693 Jasonel,
1139 1636 1334 1678 absoluti
1371 1635 1581 1678 omnibus

93 1709 294 1751 numeris
321 1708 472 1751 herois
509 1708 735 1750 desiderio
770 1709 976 1766 protinus
1013 1709 1244 1750 incensam
1278 1707 1576 1763 deflagrasse,

94 1781 209 1826 sicut
235 1780 334 1823 fieri
361 1795 444 1839 par
471 1783 591 1823 esset
618 1784 660 1823 et
687 1780 937 1823 secundum
965 1784 1151 1822 naturae
1181 1779 1408 1825 ordinem:
1433 1793 1581 1837 neque

92 1852 194 1895 illos
221 1852 264 1894 in
292 1852 461 1894 talibus
489 1852 623 1908 nugis
650 1852 922 1894 commorari
950 1852 1164 1910 oportuit.
1190 1851 1290 1893 Jam
1320 1865 1426 1893 vero
1454 1850 1581 1892 dere-

91 1923 200 1966 licta
232 1923 605 1965 muliercularum
639 1923 821 1965 illarum
855 1926 1069 1980 utraque,
1112 1922 1325 1965 Romanis
1360 1921 1580 1964 auditori-

93 1994 180 2037 bus
231 1995 394 2048 bilem,
449 1994 608 2047 credo,
656 1994 898 2047 movisses,
949 1995 983 2036 si
1024 1993 1230 2036 futilibus
1283 1996 1325 2035 et
1369 1992 1580 2035 absurdis

93 2066 331 2124 utriusque
358 2066 568 2110 lamentis
595 2079 727 2108 aures
756 2080 912 2108 eorum
942 2065 1110 2107 diutius
1138 2065 1392 2121 fatigasses.
1424 2064 1580 2121 Neque

95 2138 215 2180 enim
246 2137 396 2194 justae
429 2138 534 2180 illae
569 2142 697 2179 erant
729 2137 892 2179 Thesei
924 2136 1160 2178 Jasonisve
1195 2137 1400 2194 nuptiae,
1432 2150 1578 2193 neque

93 2212 265 2251 tantam
302 2208 655 2251 clamitationem
693 2208 895 2263 legitimo
934 2207 1123 2265 repudio
1157 2207 1371 2249 concitari
1411 2206 1576 2248 decuit.

95 2278 493 2331 Quemadmodum
526 2280 665 2335 igitur
701 2278 905 2321 Medeam
941 2279 1285 2320 ratiocinantem
1324 2292 1379 2319 an
1413 2277 1581 2319 liberos

95 2365 200 2393 suos
228 2354 432 2404 necaret,
463 2351 536 2392 vel
564 2350 687 2392 aliud
720 2349 913 2408 quodvis
941 2350 1157 2405 viraginis
1190 2350 1341 2401 istius,
1371 2348 1495 2390 haud
1523 2347 1581 2390 ad

95 2421 325 2478 agendum
361 2422 570 2470 timidae,
609 2422 782 2464 facinus
821 2424 1028 2479 spectare
1064 2421 1135 2463 vel
1171 2420 1329 2462 audire
1367 2420 1580 2462 Romanis

95 2493 288 2536 maxime
316 2493 517 2535 omnium
545 2493 732 2551 placuit,
762 2493 823 2534 ita
851 2491 1078 2534 Ariadnae
1103 2492 1428 2534 bacchanalem
1456 2506 1582 2549 pom-

95 2579 200 2622 pam
228 2565 485 2622 laetamque
514 2568 743 2618 ἀποθέωσιν;
773 2563 1038 2621 primusque
1066 2564 1184 2605 inter
1216 2563 1399 2605 Latinos
1429 2562 1581 2605 Catul-

95 2701 245 2732 mientem
262 2700 379 2732 multae
398 2700 562 2732 exhibent.
586 2699 646 2739 (Cf.
670 2700 824 2739 PAusAm,
847 2700 866 2735 Ι,
890 2709 942 2737 xx,
964 2699 1003 2738 3;
1026 2700 1374 2736 Loxom1,Pastor.,l.
1397 2699 1449 2738 IV,
1473 2709 1499 2730 c.
1522 2709 1578 2737 1u;

97 2748 313 2786 Cumrroneu,
337 2748 356 2777 l.
382 2748 405 2786 Ι,
433 2758 460 2778 c.
494 2747 592 2786 v131.
624 2747 706 2783 Vlll,
736 2757 762 2778 c.
798 2757 824 2785 ι,-
858 2748 951 2784 JAHN,
989 2757 1018 2786 p.
1042 2747 1098 2780 281
1135 2747 1219 2787 sqq.)
1242 2747 1344 2787 Atque
1366 2748 1418 2777 ubi
1446 2747 1579 2787 primurn

97 2795 340 2836 expergefactae
360 2794 487 2835 puellae
510 2798 582 2825 ante
609 2794 719 2825 oculos
744 2795 850 2825 stabat.
871 2798 935 2824 tum
964 2794 1043 2825 Eros
1072 2794 1210 2824 irridens
1235 2798 1289 2824 aut
1318 2795 1489 2831 solaturus,
1516 2797 1580 2824 tum

97 2843 168 2883 ipse
188 2842 350 2882 Dionysus
380 2842 588 2872 admiratione
610 2845 640 2872 et
666 2851 772 2872 amore
800 2842 953 2881 percitus.
984 2841 1043 2882 (Cf.
1075 2841 1167 2878 JAiiN,
1197 2851 1227 2881 p.
1251 2841 1409 2880 eso-9993
1441 2841 1579 2882 Boccor,

99 2888 318 2921 Philostrate
338 2888 494 2926 l’ancien,
522 2899 551 2929 p.
573 2888 737 2929 ‘271-276.)

141 2937 169 2969 1.
192 2938 242 2970 Cf.
267 2937 349 2968 infra
370 2938 400 2968 in
426 2937 567 2974 Didone,
590 2947 634 2976 iv,
662 2947 705 2973 vl,
729 2946 856 2967 viu-xu.
