1889 3319
244 179 271 220 2
852 194 953 224 PARS
986 195 1124 224 Pmon.

241 309 478 352 universas
504 309 551 351 in
580 309 790 353 manibus
825 310 1050 354 habemus
1079 315 1157 354 aut
1183 311 1351 369 epicaS,
1394 312 1473 352 aut
1506 311 1727 367 tragicas,

242 383 320 422 aut
358 380 546 437 lyricas,
585 381 676 422 sive
705 395 898 437 graecae
934 397 1015 425 seu
1042 382 1210 425 latinae
1244 381 1526 440 antiquitatis
1553 382 1733 425 Andro-

240 450 442 493 machas.

300 521 507 579 Namque
548 522 666 564 illud
697 523 1081 566 considerandum
1127 528 1214 576 est,
1264 524 1309 566 in
1349 524 1471 566 tertii
1515 523 1732 567 Aeneidis

240 592 346 634 libri
378 593 490 635 locis
529 593 609 635 ubi
647 594 856 637 Hectoris
891 610 1002 637 uxor
1040 596 1083 637 in
1119 609 1283 653 poema
1323 595 1608 648 adsciscitur,
1645 595 1732 638 hoc

241 663 426 706 demum
454 665 548 720 agi,
581 680 693 722 quas
733 681 898 724 nempe
932 666 1012 708 illa
1046 667 1252 709 fortunae
1290 667 1428 717 vices,
1459 666 1504 708 in
1543 666 1732 709 servitu-

241 739 332 777 tem
373 739 475 793 post
525 736 814 778 interfectum
866 737 1193 794 Astyanactem
1245 737 1459 795 abrepta,
1515 737 1728 791 subierit,

241 821 423 864 quoque
453 807 603 849 animo
632 807 910 850 toleraverit.

301 877 500 934 Cyclicos
530 882 681 920 autem
701 879 777 936 qui
800 878 1011 922 dicuntur
1023 884 1180 937 poetas
1195 879 1442 937 siprimum
1456 880 1725 938 respexeris,

240 948 342 990 illos
371 963 469 991 csse
489 949 692 1007 profecto
720 935 958 1008 fateorqui
986 951 1211 1009 principio
1234 951 1488 993 invenerint
1508 955 1585 993 aut
1603 951 1728 1009 prius

239 1019 423 1062 inventa
451 1020 719 1077 collegerint
747 1036 799 1063 ea
839 1037 954 1079 quae
994 1023 1199 1080 captivae
1233 1022 1521 1081 Neoptolemi
1547 1021 1729 1064 Andro-

241 1091 428 1134 machae
475 1092 694 1134 accidisse
735 1092 857 1150 apud
903 1097 1080 1135 veteres
1122 1094 1245 1136 fama
1287 1094 1435 1136 fuerit.
1466 1093 1639 1136 Verum
1678 1108 1730 1135 ea

241 1178 265 1204 a
300 1163 444 1220 poetis
474 1164 561 1205 illis
596 1164 658 1206 ita
686 1165 891 1222 exposita
918 1165 1056 1207 fuisse
1085 1180 1174 1207 non
1203 1166 1408 1208 existimo
1436 1170 1484 1208 ut
1512 1166 1553 1207 111
1581 1165 1730 1207 lucem

240 1234 481 1289 insigniter
508 1235 791 1293 proferretur
818 1235 1165 1279 Andromachae
1194 1236 1384 1279 indoles.

300 1305 455 1348 Primo
497 1307 618 1349 enim
664 1307 841 1349 nullum
884 1323 1087 1366 unquam
1126 1309 1265 1350 fuisse
1307 1308 1361 1351 de
1404 1308 1510 1351 solis
1549 1307 1730 1350 Andro-

240 1376 428 1419 machae
469 1378 649 1421 casibus
690 1379 852 1436 poema
895 1379 1111 1421 traditum
1152 1384 1234 1423 est.
1266 1380 1358 1422 Nec
1392 1381 1576 1432 mirum,
1607 1394 1725 1431 cum,

240 1448 434 1491 Hectore
464 1453 507 1491 et
534 1450 806 1506 Astyanacte
844 1451 1054 1502 mortuis,
1087 1451 1281 1493 multum
1316 1451 1371 1493 de
1408 1450 1728 1493 Andromacha

239 1519 571 1563 detraheretur.
601 1520 783 1564 Scilicet
804 1525 944 1563 totam
968 1523 1011 1564 in
1034 1521 1119 1564 hoc
1141 1537 1238 1565 esse
1263 1522 1465 1565 nobilem
1488 1523 1613 1564 illam
1633 1536 1730 1564 mu-

239 1591 413 1645 lierem,
446 1592 628 1650 qualem
659 1593 882 1635 Homerus
911 1593 1161 1647 effinxerat,
1194 1594 1450 1647 videbatur,
1487 1598 1537 1636 ut
1572 1594 1729 1636 defen-

240 1677 389 1705 sorem
421 1678 552 1706 suum
580 1664 752 1722 filiique
783 1670 972 1719 amaret,
1002 1664 1238 1723 filiumque
1273 1665 1438 1708 deinde
1470 1666 1571 1724 ipsa
1603 1680 1728 1708 ama-

239 1734 464 1777 tissimum
495 1735 773 1778 defenderet.
809 1736 982 1778 Yiduac
1018 1741 1169 1779 antem
1211 1737 1419 1793 conjugis
1460 1742 1503 1779 et
1542 1736 1727 1779 orbatae

239 1807 397 1849 matris
427 1808 518 1849 vita
546 1807 848 1863 subsequens,
879 1812 921 1850 et
955 1809 1206 1862 servitium,
1242 1813 1285 1851 et
1313 1808 1538 1851 secundae
1567 1824 1617 1851 ac
1640 1813 1729 1851 ter-

237 1880 326 1922 tiae
355 1880 557 1937 nuptiae,
588 1879 702 1921 nihil
739 1880 824 1921 nisi
862 1879 1077 1936 frigidam
1115 1886 1157 1922 et
1194 1881 1360 1923 siccam
1393 1884 1554 1939 poetae
1588 1885 1730 1923 mate-

238 1951 353 1993 riam
392 1951 778 2009 suppeditassent,
810 1951 1205 2009 periculosiusque
1235 1952 1309 1994 1110
1337 1967 1582 2008 aggressus
1611 1955 1729 1995 esset

237 2022 485 2080 inceptum.
517 2023 594 2080 qui
620 2023 826 2079 trojanae
856 2023 988 2065 unius
1018 2023 1312 2066 mulierculae
1340 2024 1568 2066 aerumnis
1592 2023 1729 2068 Grae-

238 2109 312 2136 cos
340 2094 530 2136 lectores
567 2094 749 2137 allicere
779 2098 823 2137 et
860 2094 1063 2137 detinere
1092 2094 1386 2147 destinasset,
1431 2111 1483 2138 co
1516 2110 1727 2153 praeser-

237 2166 317 2208 tim
346 2170 573 2223 tempore.
607 2181 696 2223 quo
733 2165 937 2208 nondum
973 2166 1110 2222 longo
1149 2167 1403 2209 litterarum
1443 2183 1527 2209 usu
1555 2172 1597 2209 et
1624 2167 1727 2225 phi-

238 2237 446 2295 losophia
476 2237 699 2285 excultos,
731 2253 878 2295 neque
910 2237 1059 2280 adhuc
1088 2239 1268 2296 saepius
1296 2238 1462 2281 auditis
1488 2239 1726 2294 gentilium

237 2308 430 2350 heroum
480 2309 759 2351 facinoribus
803 2310 1011 2361 satiatos,
1063 2309 1259 2353 Graecos
1309 2312 1480 2353 Graeca
1532 2311 1725 2353 maxime

239 2384 281 2422 et
310 2380 472 2423 bellica
500 2380 764 2435 tangebant.
797 2380 999 2423 Primum
1042 2381 1242 2423 omnium
1279 2381 1419 2424 fuisse
1458 2381 1726 2440 Euripidem

237 2451 365 2494 facile
395 2451 684 2504 crediderim,
718 2452 809 2503 cui,
841 2477 897 2482 —
925 2456 1082 2510 utpote
1112 2470 1132 2489 «
1162 2452 1353 2495 humani
1385 2452 1497 2495 nihil
1528 2472 1547 2492 »
1577 2468 1602 2496 a
1634 2458 1726 2496 tra-

236 2523 401 2578 goedia
439 2523 640 2565 alienum
678 2524 871 2581 putanti,
915 2538 1031 2565 nova
1070 2524 1302 2581 ceteroqui
1345 2525 1639 2579 consectanti,
1668 2551 1725 2556 —

237 2594 487 2636 domestica
514 2594 591 2636 illa
624 2599 666 2637 et
696 2595 953 2637 umbratilis
983 2599 1026 2637 et
1063 2596 1193 2652 quasi
1230 2596 1449 2652 gynecaei
1488 2596 1723 2652 tragoedia

236 2665 475 2722 placuerit,
507 2681 622 2724 quae
650 2666 695 2708 in
728 2666 1080 2709 Andromachae
1116 2681 1220 2708 cum
1257 2666 1503 2709 Hermiona
1544 2671 1724 2710 conten-

236 2737 356 2779 tione
386 2741 608 2780 versatur.

294 2808 424 2851 Adde
465 2808 588 2866 quod
626 2809 657 2850 ii
695 2809 782 2866 ipsi
819 2810 934 2850 inter
972 2823 1160 2863 graecos
1198 2809 1432 2866 epicorum
1471 2810 1723 2852 carminum

237 2880 481 2938 scriptores
510 2879 603 2938 qui,
634 2905 690 2911 ——
719 2880 812 2922 sive
845 2880 890 2921 in
924 2878 1201 2937 quibusdam
1236 2879 1291 2922 de
1326 2881 1524 2923 exscidio
1559 2880 1721 2937 Trojae
