1889 3319
222 195 278 236 54
820 209 919 238 PARS
952 207 1088 237 PRIOR.

222 322 293 364 vel
338 321 531 364 mirandi
573 322 806 377 cogitatio,
859 325 942 366 etsi
984 323 1134 382 potius
1183 321 1350 364 debeat
1391 324 1433 363 et
1472 321 1706 363 verissime

222 393 365 451 possit
390 392 618 435 hesternus
644 393 720 436 ille
748 410 876 437 amor
903 394 1141 453 appellari.

283 464 407 517 Quae
435 479 537 506 cum
564 465 627 507 ita
653 465 755 518 sint,
788 466 940 508 multis
968 480 1075 507 sane
1104 464 1248 522 poetis
1284 464 1397 506 nihil
1429 462 1554 505 aliud
1592 462 1709 504 ultra

221 534 276 577 de
311 534 497 578 Didonis
540 535 690 578 indole
731 536 1066 594 exponendum,
1098 535 1179 578 sed
1205 534 1263 576 ad
1290 535 1457 576 exitum
1492 534 1579 575 cito
1612 548 1710 575 cur-

221 605 413 648 rendum
439 606 586 648 visum
612 606 786 659 fuisset,
815 622 917 649 eum
946 607 1052 649 satis
1076 606 1171 662 jam
1194 622 1216 647 e
1243 606 1380 660 longa
1407 604 1709 661 descriptione

222 692 274 719 ea
321 691 438 734 quae
489 677 534 719 in
587 677 775 720 Didonis
822 679 971 720 animo
1023 680 1220 732 aguntur
1269 676 1427 718 lectori
1479 674 1712 732 explorata

220 749 400 790 suerint.
433 747 666 804 Vergilius
703 754 860 791 contra
893 749 1231 807 exquisitiorem
1269 748 1404 795 etiam
1439 747 1484 788 in
1525 745 1712 788 modum

223 818 490 861 excutienda
531 819 610 861 illa
649 834 747 864 esse
790 820 990 872 censuit;
1034 818 1159 877 quod
1197 817 1382 876 quidem
1420 817 1497 858 illa
1524 816 1712 874 perfecit

223 890 506 933 oratiuncula
531 905 621 948 qua
649 892 791 932 sorori
813 890 928 932 Dido
956 890 1139 932 intimos
1169 903 1326 931 sensus
1356 887 1602 930 credidisse
1631 887 1711 929 fin-

221 961 356 1016 gitur.
398 961 572 1019 Nempe
610 961 680 1003 his
720 963 764 1003 in
795 962 944 1003 verbis
981 961 1181 1019 apertius
1217 976 1268 1002 ac
1303 960 1446 1001 fusius
1476 958 1604 1001 nohis
1632 973 1710 1000 eae

223 1033 505 1090 explicantur
542 1032 736 1090 duplicis
779 1032 965 1090 quidem
1004 1033 1185 1088 generis
1229 1045 1406 1083 causae⁷
1451 1030 1617 1088 quibus
1654 1029 1712 1071 ad

220 1103 423 1145 Aeneam
445 1103 562 1145 Dido
590 1103 832 1161 pellicitur.

284 1175 462 1233 Quippe
491 1190 627 1232 quam
656 1176 835 1217 Aeneae
861 1194 880 1214 «
905 1174 1118 1231 adspecta
1141 1174 1450 1232 obstipuisse»
1471 1173 1567 1229 jam
1586 1173 1710 1230 prius

223 1250 357 1304 poeta
385 1246 800 1304 praenuntiaverit,
830 1246 907 1288 ubi
936 1246 1133 1304 primum
1164 1246 1319 1300 regina
1358 1244 1538 1302 duxque
1575 1244 1712 1299 ti‘oja—

222 1331 308 1359 nus
344 1316 465 1359 obvii
501 1318 618 1359 inter
652 1332 698 1359 se
732 1318 930 1359 suerunt.
973 1316 1129 1373 Neque
1170 1316 1312 1358 multo
1352 1320 1454 1374 post
1481 1314 1710 1370 Vergilius

223 1387 432 1430 eamdem
454 1389 588 1430 istam
608 1389 790 1430 Aeneae
821 1387 1173 1446 pulchritudinis
1201 1387 1564 1439 admirationem,
1607 1397 1711 1443 (qua

223 1459 409 1517 quidem
444 1460 591 1517 primo
628 1474 876 1514 congressu
919 1458 1129 1517 perculsa
1173 1458 1289 1500 Dido
1327 1458 1497 1514 fuerin)
1546 1458 1710 1499 iterum

224 1535 573 1583 commemorat,
606 1545 709 1573 cum
737 1531 846 1573 dicit
872 1545 960 1572 non
991 1544 1122 1588 posse
1152 1531 1361 1585 reginae,
1392 1530 1437 1571 in
1465 1529 1711 1586 Astyanac-

223 1606 314 1645 tem
342 1602 497 1645 oculos
528 1602 719 1655 defixae,

636 1719 781 1760 expleri
802 1719 917 1752 corda
937 1719 1065 1751 tuendo
1080 1730 1090 1753 ‚-

224 1823 505 1865 existimasse
548 1822 668 1864 enim
706 1822 835 1870 lieet,
884 1837 973 1864 non
1020 1825 1194 1864 tantum
1238 1822 1364 1863 illam
1396 1836 1422 1863 a
1457 1840 1476 1859 «
1513 1836 1655 1879 puero
1687 1840 1706 1859 »

224 1895 398 1936 moveri
436 1895 558 1952 ipso,
608 1897 828 1951 quantum
872 1894 1061 1935 formosi
1107 1893 1402 1936 similitudine
1448 1893 1605 1951 patris.
1652 1918 1711 1923 ——

224 1966 373 2023 Atque
403 1965 617 2023 deinceps
645 1964 827 2022 quando
850 1965 894 2006 in
918 1979 1016 2007 sese
1040 1964 1280 2007 recollecta
1303 1964 1434 2006 nobis
1456 1964 1710 2006 ostenditur

225 2036 363 2089 Dido,
397 2055 417 2075 «
448 2036 637 2079 haerere
669 2055 688 2075 »
720 2036 760 2078 ei

639 2153 781 2186 infixos
799 2156 953 2194 pectore
973 2153 1089 2185 vultus

224 2271 382 2301 rursus
418 2255 732 2299 admonemur.
787 2255 916 2298 Nunc
961 2271 1088 2307 verO,
1144 2255 1327 2313 quando
1377 2256 1556 2298 Annam
1601 2256 1711 2298 allo-

226 2328 394 2385 quitur,
416 2328 516 2385 ipsa
543 2327 727 2369 tandem
747 2331 968 2384 quantum
989 2326 1173 2382 Trojaui
1206 2326 1357 2370 herois
1390 2327 1588 2369 robustis
1615 2327 1711 2369 ille-

227 2399 375 2442 cebris
405 2398 674 2440 conturbata
699 2398 848 2451 fuerit,
872 2399 1070 2453 ingenua
1098 2398 1379 2441 confessione
1408 2398 1609 2441 declarat
1638 2413 1647 2442 2

394 2518 515 2556 Quam
539 2524 624 2548 sese
643 2526 700 2547 ore
721 2516 862 2555 ferenS,
883 2525 1002 2558 quam
1025 2516 1114 2549 forti
1133 2521 1269 2557 pectore
1290 2519 1328 2549 et
1348 2517 1481 2548 armis!

229 2617 367 2673 Cujus
407 2616 592 2674 quidem
622 2632 775 2660 versus
805 2618 891 2659 line
920 2617 1167 2673 significari
1194 2619 1374 2660 Aeneae
1411 2617 1633 2660 thoracem
1668 2622 1710 2660 et

184 2702 187 2704 ·
230 2689 416 2731 lacertos
458 2687 734 2745 quibusdam
773 2703 879 2730 sane
925 2688 1157 2746 displicuit
1181 2690 1207 2742 ¹,
1262 2704 1410 2747 neque
1463 2689 1710 2732 delicatum

271 2819 299 2849 1.
326 2818 372 2850 Cf.
396 2817 552 2855 KVIe'ALA,
575 2827 659 2847 neue
680 2817 850 2858 Bez'b‘ci'ye,
872 2819 915 2858 (p.
937 2817 988 2855 76,
1010 2818 1060 2856 77,
1083 2818 1134 2857 78)
1156 2819 1221 2859 qui,
1239 2829 1309 2850 cum
1330 2819 1465 2850 BExoisr
1491 2823 1522 2850 et
1547 2819 1710 2850 Hamma-

229 2876 314 2897 MANN
335 2866 432 2906 (apud
454 2866 639 2903 ΡοΗΒιῦῐ-ῑιῑ),
663 2864 736 2895 huic
760 2866 865 2895 sensui
895 2866 1095 2904 adversatur,
1119 2875 1220 2905 neque
1246 2870 1361 2904 tamen,
1387 2870 1419 2897 ut
1437 2867 1563 2907 opinor,
1586 2867 1708 2907 proba-

229 2914 308 2944 bilia
328 2915 514 2952 argumenta
531 2912 631 2942 affert.
