<?xml version="1.0" encoding="UTF-8"?>
<!DOCTYPE html PUBLIC "-//W3C//DTD XHTML 1.0 Transitional//EN"
    "http://www.w3.org/TR/xhtml1/DTD/xhtml1-transitional.dtd">
<html xmlns="http://www.w3.org/1999/xhtml" xml:lang="en" lang="en">
 <head>
  <title>
</title>
<meta http-equiv="Content-Type" content="text/html;charset=utf-8" />
  <meta name='ocr-system' content='tesseract 3.04.00' />
  <meta name='ocr-capabilities' content='ocr_page ocr_carea ocr_par ocr_line ocrx_word'/>
</head>
<body>
  <div class='ocr_page' id='page_1' title='image "./devergilioininfo00rbuoft/devergilioininfo00rbuoft_0179.png"; bbox 0 0 1889 3319; ppageno 0'>
   <div class='ocr_carea' id='block_1_1' title="bbox 708 199 1566 244">
    <p class='ocr_par' dir='ltr' id='par_1_1' title="bbox 708 199 1566 244">
     <span class='ocr_line' id='line_1_1' title="bbox 708 199 1566 244; baseline -0.006 0"><span class='ocrx_word' id='word_1_1' title='bbox 708 215 937 244; x_wconf 62' lang='lat' dir='ltr'>coxcnusio.</span> <span class='ocrx_word' id='word_1_2' title='bbox 1484 199 1566 240; x_wconf 78' lang='lat'>159</span> 
     </span>
    </p>
   </div>
   <div class='ocr_carea' id='block_1_2' title="bbox 83 327 1568 517">
    <p class='ocr_par' dir='ltr' id='par_1_2' title="bbox 83 327 1568 517">
     <span class='ocr_line' id='line_1_2' title="bbox 83 327 1566 390; baseline -0.003 -16"><span class='ocrx_word' id='word_1_3' title='bbox 83 345 382 390; x_wconf 79' lang='lat' dir='ltr'>unaquaeque</span> <span class='ocrx_word' id='word_1_4' title='bbox 409 330 591 373; x_wconf 88' lang='lat' dir='ltr'>illarum</span> <span class='ocrx_word' id='word_1_5' title='bbox 622 330 831 372; x_wconf 86' lang='lat' dir='ltr'>distincte</span> <span class='ocrx_word' id='word_1_6' title='bbox 861 334 905 373; x_wconf 88' lang='lat' dir='ltr'>et</span> <span class='ocrx_word' id='word_1_7' title='bbox 938 329 1128 372; x_wconf 76' lang='lat' dir='ltr'><strong>seorsim</strong></span> <span class='ocrx_word' id='word_1_8' title='bbox 1155 344 1181 371; x_wconf 89' lang='lat' dir='ltr'>a</span> <span class='ocrx_word' id='word_1_9' title='bbox 1208 329 1370 371; x_wconf 86' lang='lat' dir='ltr'>ceteris</span> <span class='ocrx_word' id='word_1_10' title='bbox 1397 327 1566 370; x_wconf 85' lang='lat' dir='ltr'>intelli-</span> 
     </span>
     <span class='ocr_line' id='line_1_3' title="bbox 84 398 1568 459; baseline -0.003 -14"><span class='ocrx_word' id='word_1_11' title='bbox 84 403 264 458; x_wconf 85' lang='lat' dir='ltr'>gentiae</span> <span class='ocrx_word' id='word_1_12' title='bbox 290 405 488 454; x_wconf 82' lang='lat' dir='ltr'>nostrae,</span> <span class='ocrx_word' id='word_1_13' title='bbox 518 401 658 444; x_wconf 91' lang='lat' dir='ltr'>immo</span> <span class='ocrx_word' id='word_1_14' title='bbox 688 401 951 455; x_wconf 85' lang='lat' dir='ltr'>memoriae,</span> <span class='ocrx_word' id='word_1_15' title='bbox 992 401 1281 459; x_wconf 80' lang='lat' dir='ltr'>imprimatur</span> <span class='ocrx_word' id='word_1_16' title='bbox 1319 403 1364 442; x_wconf 87' lang='lat' dir='ltr'>et</span> <span class='ocrx_word' id='word_1_17' title='bbox 1401 398 1568 442; x_wconf 83' lang='lat' dir='ltr'>adhae-</span> 
     </span>
     <span class='ocr_line' id='line_1_4' title="bbox 85 477 196 517; baseline -0.009 0"><span class='ocrx_word' id='word_1_18' title='bbox 85 477 196 517; x_wconf 84' lang='lat' dir='ltr'>reat.</span> 
     </span>
    </p>
   </div>
   <div class='ocr_carea' id='block_1_3' title="bbox 790 567 852 609">
    <p class='ocr_par' dir='ltr' id='par_1_3' title="bbox 790 567 852 609">
     <span class='ocr_line' id='line_1_5' title="bbox 790 567 852 609; baseline 0 0"><span class='ocrx_word' id='word_1_19' title='bbox 790 567 852 609; x_wconf 91' lang='grc' dir='ltr'>ΙΙΙ</span> 
     </span>
    </p>
   </div>
   <div class='ocr_carea' id='block_1_4' title="bbox 82 693 1573 1594">
    <p class='ocr_par' dir='ltr' id='par_1_4' title="bbox 82 693 1573 1594">
     <span class='ocr_line' id='line_1_6' title="bbox 139 693 1566 756; baseline -0.004 -15"><span class='ocrx_word' id='word_1_20' title='bbox 139 699 262 754; x_wconf 85' lang='lat' dir='ltr'>Ergo</span> <span class='ocrx_word' id='word_1_21' title='bbox 290 698 383 741; x_wconf 87' lang='lat' dir='ltr'>sive</span> <span class='ocrx_word' id='word_1_22' title='bbox 406 712 480 741; x_wconf 85' lang='lat' dir='ltr'>eas</span> <span class='ocrx_word' id='word_1_23' title='bbox 503 712 721 756; x_wconf 78' lang='lat' dir='ltr'>personas</span> <span class='ocrx_word' id='word_1_24' title='bbox 746 697 1014 756; x_wconf 80' lang='lat' dir='ltr'>inspexeris,</span> <span class='ocrx_word' id='word_1_25' title='bbox 1035 696 1092 739; x_wconf 88' lang='lat' dir='ltr'>ad</span> <span class='ocrx_word' id='word_1_26' title='bbox 1115 711 1227 754; x_wconf 90' lang='lat' dir='ltr'>quas</span> <span class='ocrx_word' id='word_1_27' title='bbox 1254 693 1566 738; x_wconf 83' lang='lat' dir='ltr'>informandas</span> 
     </span>
     <span class='ocr_line' id='line_1_7' title="bbox 84 765 1568 826; baseline -0.003 -14"><span class='ocrx_word' id='word_1_28' title='bbox 84 769 288 813; x_wconf 90' lang='lat' dir='ltr'>subsidia</span> <span class='ocrx_word' id='word_1_29' title='bbox 312 768 542 825; x_wconf 78' lang='lat' dir='ltr'>Vergilius</span> <span class='ocrx_word' id='word_1_30' title='bbox 570 769 780 811; x_wconf 86' lang='lat' dir='ltr'>multa—</span> <span class='ocrx_word' id='word_1_31' title='bbox 805 769 909 826; x_wconf 89' lang='lat' dir='ltr'>(non</span> <span class='ocrx_word' id='word_1_32' title='bbox 937 772 1089 810; x_wconf 85' lang='lat' dir='ltr'>tamen</span> <span class='ocrx_word' id='word_1_33' title='bbox 1117 767 1250 826; x_wconf 82' lang='lat' dir='ltr'>plura</span> <span class='ocrx_word' id='word_1_34' title='bbox 1278 780 1414 824; x_wconf 88' lang='lat' dir='ltr'>quam</span> <span class='ocrx_word' id='word_1_35' title='bbox 1443 765 1568 808; x_wconf 88' lang='lat' dir='ltr'>novi-</span> 
     </span>
     <span class='ocr_line' id='line_1_8' title="bbox 85 838 1568 898; baseline -0.003 -15"><span class='ocrx_word' id='word_1_36' title='bbox 85 840 199 898; x_wconf 93' lang='lat' dir='ltr'>mus)</span> <span class='ocrx_word' id='word_1_37' title='bbox 229 866 284 872; x_wconf 92' lang='lat'>—</span> <span class='ocrx_word' id='word_1_38' title='bbox 319 843 477 898; x_wconf 83' lang='lat' dir='ltr'>parata</span> <span class='ocrx_word' id='word_1_39' title='bbox 503 840 690 893; x_wconf 85' lang='lat' dir='ltr'>invenit,</span> <span class='ocrx_word' id='word_1_40' title='bbox 738 840 830 882; x_wconf 89' lang='lat' dir='ltr'>sive</span> <span class='ocrx_word' id='word_1_41' title='bbox 858 854 933 882; x_wconf 88' lang='lat' dir='ltr'>eas</span> <span class='ocrx_word' id='word_1_42' title='bbox 962 839 1040 881; x_wconf 88' lang='lat' dir='ltr'>ubi</span> <span class='ocrx_word' id='word_1_43' title='bbox 1069 839 1216 880; x_wconf 87' lang='lat' dir='ltr'>nullos</span> <span class='ocrx_word' id='word_1_44' title='bbox 1240 838 1334 880; x_wconf 88' lang='lat' dir='ltr'>fere</span> <span class='ocrx_word' id='word_1_45' title='bbox 1360 840 1568 879; x_wconf 72' lang='lat' dir='ltr'>auctores</span> 
     </span>
     <span class='ocr_line' id='line_1_9' title="bbox 83 909 1569 968; baseline -0.003 -14"><span class='ocrx_word' id='word_1_46' title='bbox 83 926 135 954; x_wconf 88' lang='lat' dir='ltr'>ac</span> <span class='ocrx_word' id='word_1_47' title='bbox 161 911 419 967; x_wconf 80' lang='lat' dir='ltr'>magistros,</span> <span class='ocrx_word' id='word_1_48' title='bbox 449 910 576 953; x_wconf 88' lang='lat' dir='ltr'>nulla</span> <span class='ocrx_word' id='word_1_49' title='bbox 603 911 880 968; x_wconf 84' lang='lat' dir='ltr'>exemplaria</span> <span class='ocrx_word' id='word_1_50' title='bbox 902 910 1118 952; x_wconf 72' lang='lat' dir='ltr'>habuisse</span> <span class='ocrx_word' id='word_1_51' title='bbox 1145 909 1273 951; x_wconf 89' lang='lat' dir='ltr'>illum</span> <span class='ocrx_word' id='word_1_52' title='bbox 1302 912 1492 958; x_wconf 83' lang='lat' dir='ltr'>constat,</span> <span class='ocrx_word' id='word_1_53' title='bbox 1513 933 1569 938; x_wconf 90' lang='grc'>-</span> 
     </span>
     <span class='ocr_line' id='line_1_10' title="bbox 85 979 1569 1040; baseline -0.003 -15"><span class='ocrx_word' id='word_1_54' title='bbox 85 998 137 1025; x_wconf 88' lang='lat' dir='ltr'>ex</span> <span class='ocrx_word' id='word_1_55' title='bbox 172 983 378 1040; x_wconf 86' lang='lat' dir='ltr'>utrisque</span> <span class='ocrx_word' id='word_1_56' title='bbox 418 997 561 1040; x_wconf 84' lang='lat' dir='ltr'>aeque</span> <span class='ocrx_word' id='word_1_57' title='bbox 605 981 848 1039; x_wconf 79' lang='lat' dir='ltr'>comperiri</span> <span class='ocrx_word' id='word_1_58' title='bbox 892 981 1098 1023; x_wconf 82' lang='lat' dir='ltr'>existimo</span> <span class='ocrx_word' id='word_1_59' title='bbox 1146 980 1329 1022; x_wconf 88' lang='lat' dir='ltr'>minime</span> <span class='ocrx_word' id='word_1_60' title='bbox 1370 979 1569 1021; x_wconf 86' lang='lat' dir='ltr'>defuisse</span> 
     </span>
     <span class='ocr_line' id='line_1_11' title="bbox 82 1051 1572 1112; baseline -0.003 -16"><span class='ocrx_word' id='word_1_61' title='bbox 82 1053 222 1096; x_wconf 85' lang='lat' dir='ltr'>latino</span> <span class='ocrx_word' id='word_1_62' title='bbox 248 1057 409 1112; x_wconf 88' lang='lat' dir='ltr'>poetae</span> <span class='ocrx_word' id='word_1_63' title='bbox 437 1053 561 1095; x_wconf 87' lang='lat' dir='ltr'>illam</span> <span class='ocrx_word' id='word_1_64' title='bbox 590 1053 777 1111; x_wconf 85' lang='lat' dir='ltr'>propria</span> <span class='ocrx_word' id='word_1_65' title='bbox 802 1051 1062 1094; x_wconf 82' lang='lat' dir='ltr'>inveniendi</span> <span class='ocrx_word' id='word_1_66' title='bbox 1091 1052 1286 1109; x_wconf 84' lang='lat' dir='ltr'>copiam,</span> <span class='ocrx_word' id='word_1_67' title='bbox 1308 1051 1431 1093; x_wconf 86' lang='lat' dir='ltr'>illam</span> <span class='ocrx_word' id='word_1_68' title='bbox 1454 1064 1572 1092; x_wconf 82' lang='lat' dir='ltr'>nova</span> 
     </span>
     <span class='ocr_line' id='line_1_12' title="bbox 83 1121 1572 1180; baseline -0.003 -13"><span class='ocrx_word' id='word_1_69' title='bbox 83 1123 286 1180; x_wconf 81' lang='lat' dir='ltr'>fingendi</span> <span class='ocrx_word' id='word_1_70' title='bbox 322 1124 601 1176; x_wconf 84' lang='lat' dir='ltr'>facultatem,</span> <span class='ocrx_word' id='word_1_71' title='bbox 644 1124 769 1166; x_wconf 85' lang='lat' dir='ltr'>illam</span> <span class='ocrx_word' id='word_1_72' title='bbox 812 1123 982 1179; x_wconf 77' lang='lat' dir='ltr'>ingenii</span> <span class='ocrx_word' id='word_1_73' title='bbox 1011 1122 1267 1165; x_wconf 79' lang='lat' dir='ltr'>ubertatem</span> <span class='ocrx_word' id='word_1_74' title='bbox 1303 1122 1486 1179; x_wconf 87' lang='lat' dir='ltr'>vimque</span> <span class='ocrx_word' id='word_1_75' title='bbox 1510 1121 1572 1163; x_wconf 89' lang='lat' dir='ltr'>se-</span> 
     </span>
     <span class='ocr_line' id='line_1_13' title="bbox 84 1190 1571 1252; baseline -0.003 -15"><span class='ocrx_word' id='word_1_76' title='bbox 84 1195 279 1238; x_wconf 89' lang='lat' dir='ltr'>cundam</span> <span class='ocrx_word' id='word_1_77' title='bbox 301 1209 416 1252; x_wconf 84' lang='lat' dir='ltr'>quae</span> <span class='ocrx_word' id='word_1_78' title='bbox 443 1195 607 1237; x_wconf 88' lang='lat' dir='ltr'>totiens</span> <span class='ocrx_word' id='word_1_79' title='bbox 635 1198 786 1236; x_wconf 84' lang='lat' dir='ltr'>tamen</span> <span class='ocrx_word' id='word_1_80' title='bbox 816 1194 855 1236; x_wconf 90' lang='lat' dir='ltr'>ei</span> <span class='ocrx_word' id='word_1_81' title='bbox 883 1193 1103 1249; x_wconf 80' lang='lat' dir='ltr'>denegari</span> <span class='ocrx_word' id='word_1_82' title='bbox 1133 1193 1282 1235; x_wconf 87' lang='lat' dir='ltr'>solet¹.</span> <span class='ocrx_word' id='word_1_83' title='bbox 1325 1218 1383 1223; x_wconf 84' lang='lat'>--</span> <span class='ocrx_word' id='word_1_84' title='bbox 1417 1190 1571 1243; x_wconf 86' lang='lat' dir='ltr'>Quan-</span> 
     </span>
     <span class='ocr_line' id='line_1_14' title="bbox 84 1262 1573 1324; baseline -0.003 -16"><span class='ocrx_word' id='word_1_85' title='bbox 84 1280 222 1324; x_wconf 90' lang='lat' dir='ltr'>quam</span> <span class='ocrx_word' id='word_1_86' title='bbox 255 1266 341 1308; x_wconf 93' lang='lat' dir='ltr'>hoc</span> <span class='ocrx_word' id='word_1_87' title='bbox 381 1265 564 1308; x_wconf 83' lang='lat' dir='ltr'>demum</span> <span class='ocrx_word' id='word_1_88' title='bbox 593 1265 648 1307; x_wconf 90' lang='lat' dir='ltr'>de</span> <span class='ocrx_word' id='word_1_89' title='bbox 678 1264 979 1307; x_wconf 86' lang='lat' dir='ltr'>muliebribus</span> <span class='ocrx_word' id='word_1_90' title='bbox 1006 1264 1221 1306; x_wconf 80' lang='lat' dir='ltr'>Aeneidis</span> <span class='ocrx_word' id='word_1_91' title='bbox 1244 1263 1453 1322; x_wconf 87' lang='lat' dir='ltr'>personis</span> <span class='ocrx_word' id='word_1_92' title='bbox 1481 1262 1573 1304; x_wconf 89' lang='lat' dir='ltr'>dic-</span> 
     </span>
     <span class='ocr_line' id='line_1_15' title="bbox 83 1334 1572 1393; baseline -0.003 -14"><span class='ocrx_word' id='word_1_93' title='bbox 83 1341 180 1379; x_wconf 85' lang='lat' dir='ltr'>tum</span> <span class='ocrx_word' id='word_1_94' title='bbox 207 1336 324 1379; x_wconf 89' lang='lat' dir='ltr'>volo.</span> <span class='ocrx_word' id='word_1_95' title='bbox 367 1336 565 1379; x_wconf 77' lang='lat' dir='ltr'>Tametsi</span> <span class='ocrx_word' id='word_1_96' title='bbox 593 1336 713 1378; x_wconf 90' lang='lat' dir='ltr'>enim</span> <span class='ocrx_word' id='word_1_97' title='bbox 748 1335 869 1378; x_wconf 91' lang='lat' dir='ltr'>idem</span> <span class='ocrx_word' id='word_1_98' title='bbox 897 1335 952 1377; x_wconf 93' lang='lat' dir='ltr'>de</span> <span class='ocrx_word' id='word_1_99' title='bbox 988 1336 1095 1377; x_wconf 84' lang='lat' dir='ltr'>viris</span> <span class='ocrx_word' id='word_1_100' title='bbox 1133 1350 1315 1393; x_wconf 86' lang='lat' dir='ltr'>quoque</span> <span class='ocrx_word' id='word_1_101' title='bbox 1350 1334 1428 1392; x_wconf 83' lang='lat' dir='ltr'>qui</span> <span class='ocrx_word' id='word_1_102' title='bbox 1469 1336 1572 1375; x_wconf 81' lang='lat' dir='ltr'>sunt</span> 
     </span>
     <span class='ocr_line' id='line_1_16' title="bbox 83 1405 1571 1460; baseline -0.003 -10"><span class='ocrx_word' id='word_1_103' title='bbox 83 1408 131 1450; x_wconf 91' lang='lat' dir='ltr'>in</span> <span class='ocrx_word' id='word_1_104' title='bbox 161 1407 364 1451; x_wconf 89' lang='lat' dir='ltr'>Aeneide</span> <span class='ocrx_word' id='word_1_105' title='bbox 393 1422 571 1450; x_wconf 88' lang='lat' dir='ltr'>mecum</span> <span class='ocrx_word' id='word_1_106' title='bbox 600 1422 832 1460; x_wconf 78' lang='lat' dir='ltr'>censeam,</span> <span class='ocrx_word' id='word_1_107' title='bbox 863 1407 1046 1449; x_wconf 88' lang='lat' dir='ltr'>illorum</span> <span class='ocrx_word' id='word_1_108' title='bbox 1074 1410 1225 1448; x_wconf 87' lang='lat' dir='ltr'>tamen</span> <span class='ocrx_word' id='word_1_109' title='bbox 1252 1405 1454 1448; x_wconf 87' lang='lat' dir='ltr'>indolem</span> <span class='ocrx_word' id='word_1_110' title='bbox 1482 1419 1571 1447; x_wconf 92' lang='lat' dir='ltr'>non</span> 
     </span>
     <span class='ocr_line' id='line_1_17' title="bbox 85 1477 1570 1537; baseline -0.003 -15"><span class='ocrx_word' id='word_1_111' title='bbox 85 1480 192 1522; x_wconf 87' lang='lat' dir='ltr'>satis</span> <span class='ocrx_word' id='word_1_112' title='bbox 219 1483 371 1522; x_wconf 86' lang='lat' dir='ltr'>exacte</span> <span class='ocrx_word' id='word_1_113' title='bbox 399 1479 614 1537; x_wconf 90' lang='lat' dir='ltr'>inquisivi</span> <span class='ocrx_word' id='word_1_114' title='bbox 655 1483 702 1522; x_wconf 87' lang='lat' dir='ltr'>ut</span> <span class='ocrx_word' id='word_1_115' title='bbox 739 1479 861 1521; x_wconf 90' lang='lat' dir='ltr'>idem</span> <span class='ocrx_word' id='word_1_116' title='bbox 889 1478 944 1520; x_wconf 88' lang='lat' dir='ltr'>de</span> <span class='ocrx_word' id='word_1_117' title='bbox 973 1478 1061 1522; x_wconf 89' lang='lat' dir='ltr'>illis</span> <span class='ocrx_word' id='word_1_118' title='bbox 1102 1478 1212 1520; x_wconf 89' lang='lat' dir='ltr'>mihi</span> <span class='ocrx_word' id='word_1_119' title='bbox 1252 1478 1385 1536; x_wconf 88' lang='lat' dir='ltr'>plane</span> <span class='ocrx_word' id='word_1_120' title='bbox 1415 1477 1570 1534; x_wconf 85' lang='lat' dir='ltr'>explo-</span> 
     </span>
     <span class='ocr_line' id='line_1_18' title="bbox 83 1550 512 1594; baseline 0.002 -1"><span class='ocrx_word' id='word_1_121' title='bbox 83 1554 232 1594; x_wconf 86' lang='lat' dir='ltr'>ratum</span> <span class='ocrx_word' id='word_1_122' title='bbox 257 1550 512 1594; x_wconf 85' lang='lat' dir='ltr'>adfirmem.</span> 
     </span>
    </p>
   </div>
   <div class='ocr_carea' id='block_1_5' title="bbox 83 1678 1568 1768">
    <p class='ocr_par' dir='ltr' id='par_1_5' title="bbox 83 1678 1568 1768">
     <span class='ocr_line' id='line_1_19' title="bbox 124 1678 1568 1721; baseline -0.003 -10"><span class='ocrx_word' id='word_1_123' title='bbox 124 1681 153 1713; x_wconf 89' lang='lat'>1.</span> <span class='ocrx_word' id='word_1_124' title='bbox 178 1682 323 1711; x_wconf 78' lang='lat' dir='ltr'>Attamen</span> <span class='ocrx_word' id='word_1_125' title='bbox 346 1681 377 1711; x_wconf 85' lang='lat' dir='ltr'>in</span> <span class='ocrx_word' id='word_1_126' title='bbox 401 1681 593 1721; x_wconf 80' lang='lat' dir='ltr'>quibusdam</span> <span class='ocrx_word' id='word_1_127' title='bbox 623 1680 855 1711; x_wconf 81' lang='lat' dir='ltr'>recentissimis</span> <span class='ocrx_word' id='word_1_128' title='bbox 882 1680 1111 1711; x_wconf 83' lang='lat' dir='ltr'>Germanorum</span> <span class='ocrx_word' id='word_1_129' title='bbox 1140 1678 1375 1718; x_wconf 82' lang='lat' dir='ltr'>philologorum</span> <span class='ocrx_word' id='word_1_130' title='bbox 1402 1678 1568 1718; x_wconf 77' lang='lat' dir='ltr'>opusculis</span> 
     </span>
     <span class='ocr_line' id='line_1_20' title="bbox 83 1726 1566 1768; baseline -0.002 -9"><span class='ocrx_word' id='word_1_131' title='bbox 83 1729 212 1768; x_wconf 89' lang='lat' dir='ltr'>paulum</span> <span class='ocrx_word' id='word_1_132' title='bbox 239 1729 395 1759; x_wconf 82' lang='lat' dir='ltr'>immutari</span> <span class='ocrx_word' id='word_1_133' title='bbox 421 1729 609 1759; x_wconf 82' lang='lat' dir='ltr'>sententiam</span> <span class='ocrx_word' id='word_1_134' title='bbox 633 1728 737 1765; x_wconf 83' lang='lat' dir='ltr'>video,</span> <span class='ocrx_word' id='word_1_135' title='bbox 760 1729 809 1758; x_wconf 82' lang='lat' dir='ltr'>cui</span> <span class='ocrx_word' id='word_1_136' title='bbox 844 1728 1010 1759; x_wconf 79' lang='lat' dir='ltr'>adversor.</span> <span class='ocrx_word' id='word_1_137' title='bbox 1040 1727 1086 1757; x_wconf 81' lang='lat' dir='ltr'>Cf.</span> <span class='ocrx_word' id='word_1_138' title='bbox 1118 1727 1228 1763; x_wconf 61' lang='lat' dir='ltr'>Prtss,</span> <span class='ocrx_word' id='word_1_139' title='bbox 1257 1736 1308 1766; x_wconf 85' lang='lat' dir='ltr'>op.</span> <span class='ocrx_word' id='word_1_140' title='bbox 1337 1727 1404 1764; x_wconf 59' lang='lat' dir='ltr'>cit„</span> <span class='ocrx_word' id='word_1_141' title='bbox 1437 1736 1467 1766; x_wconf 80' lang='lat' dir='ltr'>p,</span> <span class='ocrx_word' id='word_1_142' title='bbox 1495 1726 1566 1764; x_wconf 74' lang='lat'><strong>337,</strong></span> 
     </span>
    </p>
   </div>
   <div class='ocr_carea' id='block_1_6' title="bbox 81 1775 246 1813">
    <p class='ocr_par' dir='ltr' id='par_1_6' title="bbox 81 1775 246 1813">
     <span class='ocr_line' id='line_1_21' title="bbox 81 1775 246 1813; baseline -0.006 -7"><span class='ocrx_word' id='word_1_143' title='bbox 81 1775 155 1813; x_wconf 81' lang='lat'><strong>345,</strong></span> <span class='ocrx_word' id='word_1_144' title='bbox 174 1775 246 1806; x_wconf 81' lang='lat'>346.</span> 
     </span>
    </p>
   </div>
   <div class='ocr_carea' id='block_1_7' title="bbox 535 1961 930 2003">
    <p class='ocr_par' dir='ltr' id='par_1_7' title="bbox 535 1961 930 2003">
     <span class='ocr_line' id='line_1_22' title="bbox 535 1961 930 2003; baseline 0 -8"><span class='ocrx_word' id='word_1_145' title='bbox 535 1961 628 1995; x_wconf 77' lang='lat' dir='ltr'>VIDi</span> <span class='ocrx_word' id='word_1_146' title='bbox 654 1967 707 1995; x_wconf 74' lang='lat' dir='ltr'>AC</span> <span class='ocrx_word' id='word_1_147' title='bbox 733 1968 930 2003; x_wconf 77' lang='lat' dir='ltr'>PERLEGI,</span> 
     </span>
    </p>
   </div>
   <div class='ocr_carea' id='block_1_8' title="bbox 139 2041 1314 2150">
    <p class='ocr_par' dir='ltr' id='par_1_8' title="bbox 139 2041 1314 2150">
     <span class='ocr_line' id='line_1_23' title="bbox 139 2041 1314 2087; baseline -0.002 -8"><span class='ocrx_word' id='word_1_148' title='bbox 139 2043 327 2079; x_wconf 80' lang='lat' dir='ltr'>Lutetiae</span> <span class='ocrx_word' id='word_1_149' title='bbox 349 2041 600 2078; x_wconf 86' lang='lat' dir='ltr'>Parisiorum</span> <span class='ocrx_word' id='word_1_150' title='bbox 622 2043 664 2078; x_wconf 90' lang='lat' dir='ltr'>in</span> <span class='ocrx_word' id='word_1_151' title='bbox 686 2043 883 2087; x_wconf 78' lang='lat' dir='ltr'>Sorbona,</span> <span class='ocrx_word' id='word_1_152' title='bbox 902 2053 936 2078; x_wconf 84' lang='lat' dir='ltr'>a.</span> <span class='ocrx_word' id='word_1_153' title='bbox 954 2042 1078 2078; x_wconf 73' lang='lat' dir='ltr'>d.XV1</span> <span class='ocrx_word' id='word_1_154' title='bbox 1098 2042 1187 2078; x_wconf 85' lang='lat' dir='ltr'>Kal.</span> <span class='ocrx_word' id='word_1_155' title='bbox 1205 2042 1314 2087; x_wconf 79' lang='lat' dir='ltr'>Aug.</span> 
     </span>
     <span class='ocr_line' id='line_1_24' title="bbox 486 2108 975 2150; baseline -0.002 -7"><span class='ocrx_word' id='word_1_156' title='bbox 486 2119 582 2144; x_wconf 84' lang='lat' dir='ltr'>ann.</span> <span class='ocrx_word' id='word_1_157' title='bbox 605 2108 975 2150; x_wconf 72' lang='lat' dir='ltr'>MDCCULXXXX,</span> 
     </span>
    </p>
   </div>
   <div class='ocr_carea' id='block_1_9' title="bbox 88 2189 1354 2238">
    <p class='ocr_par' dir='ltr' id='par_1_9' title="bbox 88 2189 1354 2238">
     <span class='ocr_line' id='line_1_25' title="bbox 88 2189 1354 2238; baseline -0.002 -11"><span class='ocrx_word' id='word_1_158' title='bbox 88 2191 123 2227; x_wconf 85' lang='lat' dir='ltr'><em>F</em></span> <span class='ocrx_word' id='word_1_159' title='bbox 125 2191 307 2227; x_wconf 70' lang='lat' dir='ltr'>acuitatis</span> <span class='ocrx_word' id='word_1_160' title='bbox 327 2191 569 2227; x_wconf 77' lang='lat' dir='ltr'>Litterarum</span> <span class='ocrx_word' id='word_1_161' title='bbox 596 2191 641 2226; x_wconf 83' lang='lat' dir='ltr'>in</span> <span class='ocrx_word' id='word_1_162' title='bbox 667 2190 887 2227; x_wconf 80' lang='lat' dir='ltr'>Academia</span> <span class='ocrx_word' id='word_1_163' title='bbox 911 2189 1133 2238; x_wconf 76' lang='lat' dir='ltr'>parisiensi</span> <span class='ocrx_word' id='word_1_164' title='bbox 1154 2190 1354 2232; x_wconf 51' lang='lat' dir='ltr'>Dec-anus,</span> 
     </span>
    </p>
   </div>
   <div class='ocr_carea' id='block_1_10' title="bbox 595 2274 848 2310">
    <p class='ocr_par' dir='ltr' id='par_1_10' title="bbox 595 2274 848 2310">
     <span class='ocr_line' id='line_1_26' title="bbox 595 2274 848 2310; baseline -0.008 0"><span class='ocrx_word' id='word_1_165' title='bbox 595 2277 641 2310; x_wconf 76' lang='lat' dir='ltr'>A.</span> <span class='ocrx_word' id='word_1_166' title='bbox 672 2274 848 2309; x_wconf 83' lang='lat' dir='ltr'><strong>HIMLY.</strong></span> 
     </span>
    </p>
   </div>
   <div class='ocr_carea' id='block_1_11' title="bbox 1029 2394 1429 2435">
    <p class='ocr_par' dir='ltr' id='par_1_11' title="bbox 1029 2394 1429 2435">
     <span class='ocr_line' id='line_1_27' title="bbox 1029 2394 1429 2435; baseline 0 -7"><span class='ocrx_word' id='word_1_167' title='bbox 1029 2394 1152 2428; x_wconf 81' lang='lat' dir='ltr'>TYPIS</span> <span class='ocrx_word' id='word_1_168' title='bbox 1180 2402 1429 2435; x_wconf 67' lang='lat' dir='ltr'><strong>MANDETUR,</strong></span> 
     </span>
    </p>
   </div>
   <div class='ocr_carea' id='block_1_12' title="bbox 903 2475 1570 2522">
    <p class='ocr_par' dir='ltr' id='par_1_12' title="bbox 903 2475 1570 2522">
     <span class='ocr_line' id='line_1_28' title="bbox 903 2475 1570 2522; baseline 0 -12"><span class='ocrx_word' id='word_1_169' title='bbox 903 2475 1142 2510; x_wconf 74' lang='lat' dir='ltr'>Academiae</span> <span class='ocrx_word' id='word_1_170' title='bbox 1157 2475 1399 2522; x_wconf 73' lang='lat' dir='ltr'>parisiensis</span> <span class='ocrx_word' id='word_1_171' title='bbox 1420 2475 1570 2518; x_wconf 77' lang='lat' dir='ltr'>Hector,</span> 
     </span>
    </p>
   </div>
   <div class='ocr_carea' id='block_1_13' title="bbox 1092 2549 1312 2595">
    <p class='ocr_par' dir='ltr' id='par_1_13' title="bbox 1092 2549 1312 2595">
     <span class='ocr_line' id='line_1_29' title="bbox 1092 2549 1312 2595; baseline 0 -1"><span class='ocrx_word' id='word_1_172' title='bbox 1092 2549 1312 2595; x_wconf 73' lang='lat' dir='ltr'>GREARD.</span> 
     </span>
    </p>
   </div>
   <div class='ocr_carea' id='block_1_14' title="bbox 483 2872 1186 2895">
    <p class='ocr_par' dir='ltr' id='par_1_14' title="bbox 483 2872 1186 2895">
     <span class='ocr_line' id='line_1_30' title="bbox 483 2872 1186 2895; baseline -0.017 3"><span class='ocrx_word' id='word_1_173' title='bbox 483 2872 1186 2895; x_wconf 36' lang='grc' dir='ltr'>Ἧ&gt;ξ&gt;ωξ</span> 
     </span>
    </p>
   </div>
  </div>
 </body>
</html>
