<?xml version="1.0" encoding="UTF-8"?>
<!DOCTYPE html PUBLIC "-//W3C//DTD XHTML 1.0 Transitional//EN"
    "http://www.w3.org/TR/xhtml1/DTD/xhtml1-transitional.dtd">
<html xmlns="http://www.w3.org/1999/xhtml" xml:lang="en" lang="en">
 <head>
  <title>
</title>
<meta http-equiv="Content-Type" content="text/html;charset=utf-8" />
  <meta name='ocr-system' content='tesseract 3.04.00' />
  <meta name='ocr-capabilities' content='ocr_page ocr_carea ocr_par ocr_line ocrx_word'/>
</head>
<body>
  <div class='ocr_page' id='page_1' title='image "./devergilioininfo00rbuoft_0088.png"; bbox 0 0 1889 3319; ppageno 0'>
   <div class='ocr_carea' id='block_1_1' title="bbox 255 188 1130 234">
    <p class='ocr_par' dir='ltr' id='par_1_1' title="bbox 255 188 1130 234">
     <span class='ocr_line' id='line_1_1' title="bbox 255 188 1130 234; baseline 0.001 -3"><span class='ocrx_word' id='word_1_1' title='bbox 255 188 311 232; x_wconf 88' lang='lat'>68</span> <span class='ocrx_word' id='word_1_2' title='bbox 859 204 960 233; x_wconf 70' lang='lat' dir='ltr'>PARS</span> <span class='ocrx_word' id='word_1_3' title='bbox 993 205 1130 234; x_wconf 79' lang='lat' dir='ltr'>PRIOR.</span> 
     </span>
    </p>
   </div>
   <div class='ocr_carea' id='block_1_2' title="bbox 249 318 1742 1160">
    <p class='ocr_par' dir='ltr' id='par_1_2' title="bbox 249 318 1742 1160">
     <span class='ocr_line' id='line_1_2' title="bbox 253 318 1738 377; baseline 0.004 -18"><span class='ocrx_word' id='word_1_4' title='bbox 253 319 316 360; x_wconf 84' lang='lat' dir='ltr'>ita</span> <span class='ocrx_word' id='word_1_5' title='bbox 356 321 405 360; x_wconf 88' lang='lat' dir='ltr'>ut</span> <span class='ocrx_word' id='word_1_6' title='bbox 444 318 680 360; x_wconf 77' lang='lat' dir='ltr'><strong>etiamtum</strong></span> <span class='ocrx_word' id='word_1_7' title='bbox 725 318 918 374; x_wconf 77' lang='lat' dir='ltr'>legitimi</span> <span class='ocrx_word' id='word_1_8' title='bbox 957 319 1081 377; x_wconf 87' lang='lat' dir='ltr'>apud</span> <span class='ocrx_word' id='word_1_9' title='bbox 1127 321 1354 364; x_wconf 88' lang='lat' dir='ltr'>Romanos</span> <span class='ocrx_word' id='word_1_10' title='bbox 1405 321 1587 364; x_wconf 86' lang='lat' dir='ltr'>conubii</span> <span class='ocrx_word' id='word_1_11' title='bbox 1631 337 1738 365; x_wconf 88' lang='lat' dir='ltr'>con-</span> 
     </span>
     <span class='ocr_line' id='line_1_3' title="bbox 252 389 1738 449; baseline 0.003 -17"><span class='ocrx_word' id='word_1_12' title='bbox 252 393 407 432; x_wconf 86' lang='lat' dir='ltr'>suetae</span> <span class='ocrx_word' id='word_1_13' title='bbox 434 389 735 432; x_wconf 76' lang='lat' dir='ltr'>caerimoniae</span> <span class='ocrx_word' id='word_1_14' title='bbox 764 390 1104 448; x_wconf 82' lang='lat' dir='ltr'>quodammodo</span> <span class='ocrx_word' id='word_1_15' title='bbox 1124 392 1434 449; x_wconf 86' lang='lat' dir='ltr'>perficiantur,</span> <span class='ocrx_word' id='word_1_16' title='bbox 1459 393 1591 436; x_wconf 85' lang='lat' dir='ltr'>sicuti</span> <span class='ocrx_word' id='word_1_17' title='bbox 1617 398 1738 437; x_wconf 87' lang='lat' dir='ltr'>recte</span> 
     </span>
     <span class='ocr_line' id='line_1_4' title="bbox 253 460 1741 521; baseline 0.003 -18"><span class='ocrx_word' id='word_1_18' title='bbox 253 460 574 503; x_wconf 80' lang='lat' dir='ltr'>animadvertit</span> <span class='ocrx_word' id='word_1_19' title='bbox 616 460 908 514; x_wconf 87' lang='lat' dir='ltr'>Lerschius¹;</span> <span class='ocrx_word' id='word_1_20' title='bbox 963 462 1084 504; x_wconf 90' lang='lat' dir='ltr'>unde</span> <span class='ocrx_word' id='word_1_21' title='bbox 1131 462 1180 504; x_wconf 86' lang='lat' dir='ltr'>fit</span> <span class='ocrx_word' id='word_1_22' title='bbox 1224 466 1273 504; x_wconf 85' lang='lat' dir='ltr'>ut</span> <span class='ocrx_word' id='word_1_23' title='bbox 1309 463 1514 505; x_wconf 87' lang='lat' dir='ltr'>confiteri</span> <span class='ocrx_word' id='word_1_24' title='bbox 1553 469 1741 521; x_wconf 76' lang='lat' dir='ltr'>cogatur</span> 
     </span>
     <span class='ocr_line' id='line_1_5' title="bbox 252 531 1742 592; baseline 0.004 -19"><span class='ocrx_word' id='word_1_25' title='bbox 252 531 557 587; x_wconf 79' lang='lat' dir='ltr'>rigidissimus</span> <span class='ocrx_word' id='word_1_26' title='bbox 597 532 790 590; x_wconf 88' lang='lat' dir='ltr'>quisque</span> <span class='ocrx_word' id='word_1_27' title='bbox 823 547 984 575; x_wconf 89' lang='lat' dir='ltr'>censor</span> <span class='ocrx_word' id='word_1_28' title='bbox 1022 548 1111 575; x_wconf 93' lang='lat' dir='ltr'>non</span> <span class='ocrx_word' id='word_1_29' title='bbox 1151 533 1264 576; x_wconf 90' lang='lat' dir='ltr'>adeo</span> <span class='ocrx_word' id='word_1_30' title='bbox 1307 534 1394 576; x_wconf 82' lang='lat' dir='ltr'>sihi</span> <span class='ocrx_word' id='word_1_31' title='bbox 1432 535 1519 592; x_wconf 86' lang='lat' dir='ltr'>ipsi</span> <span class='ocrx_word' id='word_1_32' title='bbox 1558 537 1742 579; x_wconf 89' lang='lat' dir='ltr'>mentiri</span> 
     </span>
     <span class='ocr_line' id='line_1_6' title="bbox 251 602 1741 665; baseline 0.004 -21"><span class='ocrx_word' id='word_1_33' title='bbox 251 602 491 655; x_wconf 82' lang='lat' dir='ltr'>Didonem,</span> <span class='ocrx_word' id='word_1_34' title='bbox 529 603 712 660; x_wconf 87' lang='lat' dir='ltr'>quando</span> <span class='ocrx_word' id='word_1_35' title='bbox 738 603 851 645; x_wconf 89' lang='lat' dir='ltr'>illud</span> <span class='ocrx_word' id='word_1_36' title='bbox 881 604 1063 661; x_wconf 73' lang='lat' dir='ltr'>culpam</span> <span class='ocrx_word' id='word_1_37' title='bbox 1092 605 1326 648; x_wconf 89' lang='lat' dir='ltr'>nominare</span> <span class='ocrx_word' id='word_1_38' title='bbox 1354 621 1445 648; x_wconf 92' lang='lat' dir='ltr'>non</span> <span class='ocrx_word' id='word_1_39' title='bbox 1466 607 1563 649; x_wconf 87' lang='lat' dir='ltr'>vult</span> <span class='ocrx_word' id='word_1_40' title='bbox 1588 608 1741 665; x_wconf 75' lang='lat' dir='ltr'>conju-</span> 
     </span>
     <span class='ocr_line' id='line_1_7' title="bbox 249 673 1740 735; baseline 0.004 -20"><span class='ocrx_word' id='word_1_41' title='bbox 249 673 465 732; x_wconf 72' lang='lat' dir='ltr'>qiumque</span> <span class='ocrx_word' id='word_1_42' title='bbox 502 677 645 725; x_wconf 85' lang='lat' dir='ltr'>vocat,</span> <span class='ocrx_word' id='word_1_43' title='bbox 686 674 766 716; x_wconf 91' lang='lat' dir='ltr'>sed</span> <span class='ocrx_word' id='word_1_44' title='bbox 793 675 944 732; x_wconf 88' lang='lat' dir='ltr'>specie</span> <span class='ocrx_word' id='word_1_45' title='bbox 985 675 1184 733; x_wconf 84' lang='lat' dir='ltr'>quadam</span> <span class='ocrx_word' id='word_1_46' title='bbox 1223 677 1319 718; x_wconf 82' lang='lat' dir='ltr'>veri</span> <span class='ocrx_word' id='word_1_47' title='bbox 1353 677 1543 735; x_wconf 75' lang='lat' dir='ltr'>deeipi2.</span> <span class='ocrx_word' id='word_1_48' title='bbox 1590 696 1609 717; x_wconf 92' lang='lat'>«</span> <span class='ocrx_word' id='word_1_49' title='bbox 1641 678 1740 721; x_wconf 81' lang='lat' dir='ltr'>Cul-</span> 
     </span>
     <span class='ocr_line' id='line_1_8' title="bbox 251 745 1739 806; baseline 0.003 -19"><span class='ocrx_word' id='word_1_50' title='bbox 251 760 336 803; x_wconf 81' lang='lat' dir='ltr'>pae</span> <span class='ocrx_word' id='word_1_51' title='bbox 367 764 386 784; x_wconf 90' lang='lat'>»</span> <span class='ocrx_word' id='word_1_52' title='bbox 418 745 555 799; x_wconf 86' lang='lat' dir='ltr'>enim,</span> <span class='ocrx_word' id='word_1_53' title='bbox 581 746 616 787; x_wconf 90' lang='lat' dir='ltr'>si</span> <span class='ocrx_word' id='word_1_54' title='bbox 643 760 734 803; x_wconf 86' lang='lat' dir='ltr'>qua</span> <span class='ocrx_word' id='word_1_55' title='bbox 761 749 843 798; x_wconf 88' lang='lat' dir='ltr'>est,</span> <span class='ocrx_word' id='word_1_56' title='bbox 869 747 1072 789; x_wconf 88' lang='lat' dir='ltr'>conscios</span> <span class='ocrx_word' id='word_1_57' title='bbox 1101 751 1144 789; x_wconf 90' lang='lat' dir='ltr'>et</span> <span class='ocrx_word' id='word_1_58' title='bbox 1171 747 1425 790; x_wconf 82' lang='lat' dir='ltr'>hortatores</span> <span class='ocrx_word' id='word_1_59' title='bbox 1455 752 1497 791; x_wconf 89' lang='lat' dir='ltr'>et</span> <span class='ocrx_word' id='word_1_60' title='bbox 1524 753 1739 806; x_wconf 88' lang='lat' dir='ltr'>patronos</span> 
     </span>
     <span class='ocr_line' id='line_1_9' title="bbox 250 816 1740 877; baseline 0.004 -20"><span class='ocrx_word' id='word_1_61' title='bbox 250 816 410 867; x_wconf 86' lang='lat' dir='ltr'>videri,</span> <span class='ocrx_word' id='word_1_62' title='bbox 448 817 485 858; x_wconf 89' lang='lat' dir='ltr'>si</span> <span class='ocrx_word' id='word_1_63' title='bbox 517 831 605 859; x_wconf 91' lang='lat' dir='ltr'>non</span> <span class='ocrx_word' id='word_1_64' title='bbox 634 832 751 871; x_wconf 83' lang='lat' dir='ltr'>esse,</span> <span class='ocrx_word' id='word_1_65' title='bbox 781 817 898 860; x_wconf 93' lang='lat' dir='ltr'>Deos</span> <span class='ocrx_word' id='word_1_66' title='bbox 924 817 1154 874; x_wconf 78' lang='lat' dir='ltr'>Vergilius</span> <span class='ocrx_word' id='word_1_67' title='bbox 1182 819 1339 871; x_wconf 78' lang='lat' dir='ltr'>voluit,</span> <span class='ocrx_word' id='word_1_68' title='bbox 1371 823 1418 861; x_wconf 89' lang='lat' dir='ltr'>ut</span> <span class='ocrx_word' id='word_1_69' title='bbox 1444 823 1568 862; x_wconf 80' lang='lat' dir='ltr'>tanto</span> <span class='ocrx_word' id='word_1_70' title='bbox 1597 822 1740 877; x_wconf 78' lang='lat' dir='ltr'>magis</span> 
     </span>
     <span class='ocr_line' id='line_1_10' title="bbox 253 888 1739 944; baseline 0.005 -18"><span class='ocrx_word' id='word_1_71' title='bbox 253 906 273 926; x_wconf 88' lang='lat'>«</span> <span class='ocrx_word' id='word_1_72' title='bbox 302 888 457 930; x_wconf 77' lang='lat' dir='ltr'>infelix</span> <span class='ocrx_word' id='word_1_73' title='bbox 488 905 508 927; x_wconf 89' lang='lat'>»</span> <span class='ocrx_word' id='word_1_74' title='bbox 544 888 713 930; x_wconf 89' lang='lat' dir='ltr'>femina</span> <span class='ocrx_word' id='word_1_75' title='bbox 741 892 1048 932; x_wconf 77' lang='lat' dir='ltr'>excusaretur.</span> <span class='ocrx_word' id='word_1_76' title='bbox 1088 890 1187 942; x_wconf 83' lang='lat' dir='ltr'>Quo</span> <span class='ocrx_word' id='word_1_77' title='bbox 1222 893 1373 932; x_wconf 80' lang='lat' dir='ltr'>autem</span> <span class='ocrx_word' id='word_1_78' title='bbox 1415 906 1466 933; x_wconf 81' lang='lat' dir='ltr'>ex</span> <span class='ocrx_word' id='word_1_79' title='bbox 1500 891 1620 944; x_wconf 87' lang='lat' dir='ltr'>loco,</span> <span class='ocrx_word' id='word_1_80' title='bbox 1660 893 1739 935; x_wconf 84' lang='lat' dir='ltr'>ubi</span> 
     </span>
     <span class='ocr_line' id='line_1_11' title="bbox 250 957 1740 1018; baseline 0.003 -18"><span class='ocrx_word' id='word_1_81' title='bbox 250 957 448 1001; x_wconf 83' lang='lat' dir='ltr'>Deorum</span> <span class='ocrx_word' id='word_1_82' title='bbox 478 974 645 1001; x_wconf 88' lang='lat' dir='ltr'>numen</span> <span class='ocrx_word' id='word_1_83' title='bbox 673 959 901 1017; x_wconf 85' lang='lat' dir='ltr'>interponi</span> <span class='ocrx_word' id='word_1_84' title='bbox 929 960 1043 1002; x_wconf 87' lang='lat' dir='ltr'>nihil</span> <span class='ocrx_word' id='word_1_85' title='bbox 1071 960 1275 1018; x_wconf 84' lang='lat' dir='ltr'>prodest,</span> <span class='ocrx_word' id='word_1_86' title='bbox 1303 962 1388 1003; x_wconf 89' lang='lat' dir='ltr'>nisi</span> <span class='ocrx_word' id='word_1_87' title='bbox 1417 962 1474 1003; x_wconf 84' lang='lat' dir='ltr'>ad</span> <span class='ocrx_word' id='word_1_88' title='bbox 1501 962 1740 1005; x_wconf 78' lang='lat' dir='ltr'>absolven-</span> 
     </span>
     <span class='ocr_line' id='line_1_12' title="bbox 249 1029 1737 1092; baseline 0.004 -21"><span class='ocrx_word' id='word_1_89' title='bbox 249 1029 355 1072; x_wconf 84' lang='lat' dir='ltr'>dam</span> <span class='ocrx_word' id='word_1_90' title='bbox 384 1029 724 1088; x_wconf 84' lang='lat' dir='ltr'>quodammodo</span> <span class='ocrx_word' id='word_1_91' title='bbox 752 1030 992 1083; x_wconf 76' lang='lat' dir='ltr'>Didonem,</span> <span class='ocrx_word' id='word_1_92' title='bbox 1024 1031 1215 1087; x_wconf 66' lang='lat' dir='ltr'>Vergilii</span> <span class='ocrx_word' id='word_1_93' title='bbox 1244 1046 1352 1087; x_wconf 77' lang='lat' dir='ltr'>erga</span> <span class='ocrx_word' id='word_1_94' title='bbox 1374 1033 1499 1075; x_wconf 83' lang='lat' dir='ltr'>illam</span> <span class='ocrx_word' id='word_1_95' title='bbox 1520 1038 1737 1092; x_wconf 85' lang='lat' dir='ltr'>paternus</span> 
     </span>
     <span class='ocr_line' id='line_1_13' title="bbox 249 1101 1737 1160; baseline 0.004 -17"><span class='ocrx_word' id='word_1_96' title='bbox 249 1101 379 1159; x_wconf 85' lang='lat' dir='ltr'>quasi</span> <span class='ocrx_word' id='word_1_97' title='bbox 407 1116 535 1144; x_wconf 88' lang='lat' dir='ltr'>amor</span> <span class='ocrx_word' id='word_1_98' title='bbox 560 1102 789 1160; x_wconf 82' lang='lat' dir='ltr'>tacitaque</span> <span class='ocrx_word' id='word_1_99' title='bbox 816 1102 1150 1155; x_wconf 73' lang='lat' dir='ltr'>misericordia,</span> <span class='ocrx_word' id='word_1_100' title='bbox 1182 1104 1226 1145; x_wconf 90' lang='lat' dir='ltr'>ni</span> <span class='ocrx_word' id='word_1_101' title='bbox 1253 1103 1401 1158; x_wconf 84' lang='lat' dir='ltr'>fallor,</span> <span class='ocrx_word' id='word_1_102' title='bbox 1433 1105 1597 1148; x_wconf 83' lang='lat' dir='ltr'>iterum</span> <span class='ocrx_word' id='word_1_103' title='bbox 1625 1106 1737 1150; x_wconf 89' lang='lat' dir='ltr'>emi-</span> 
     </span>
    </p>
   </div>
   <div class='ocr_carea' id='block_1_3' title="bbox 248 1173 1027 1348">
    <p class='ocr_par' dir='ltr' id='par_1_3' title="bbox 248 1173 1027 1348">
     <span class='ocr_line' id='line_1_14' title="bbox 248 1173 364 1216; baseline -0.009 0"><span class='ocrx_word' id='word_1_104' title='bbox 248 1173 364 1216; x_wconf 83' lang='lat' dir='ltr'>net³.</span> 
     </span>
     <span class='ocr_line' id='line_1_15' title="bbox 963 1304 1027 1348; baseline 0.016 -1"><span class='ocrx_word' id='word_1_105' title='bbox 963 1304 1027 1348; x_wconf 87' lang='lat' dir='ltr'>IX</span> 
     </span>
    </p>
   </div>
   <div class='ocr_carea' id='block_1_4' title="bbox 249 1435 1733 1538">
    <p class='ocr_par' dir='ltr' id='par_1_4' title="bbox 249 1435 1733 1538">
     <span class='ocr_line' id='line_1_16' title="bbox 249 1435 1733 1474; baseline 0.002 -3"><span class='ocrx_word' id='word_1_106' title='bbox 249 1436 310 1471; x_wconf 84' lang='lat' dir='ltr'>DE</span> <span class='ocrx_word' id='word_1_107' title='bbox 333 1435 484 1471; x_wconf 52' lang='lat' dir='ltr'><strong>AEREA</strong></span> <span class='ocrx_word' id='word_1_108' title='bbox 504 1444 591 1472; x_wconf 74' lang='lat' dir='ltr'>NON</span> <span class='ocrx_word' id='word_1_109' title='bbox 612 1446 699 1472; x_wconf 79' lang='lat' dir='ltr'>TAM</span> <span class='ocrx_word' id='word_1_110' title='bbox 730 1445 933 1472; x_wconf 71' lang='lat' dir='ltr'>INVIDIAM</span> <span class='ocrx_word' id='word_1_111' title='bbox 959 1446 1164 1472; x_wconf 78' lang='lat' dir='ltr'>LEGENTIS</span> <span class='ocrx_word' id='word_1_112' title='bbox 1187 1446 1266 1472; x_wconf 78' lang='lat' dir='ltr'>PER</span> <span class='ocrx_word' id='word_1_113' title='bbox 1298 1446 1346 1473; x_wconf 82' lang='lat' dir='ltr'>SE</span> <span class='ocrx_word' id='word_1_114' title='bbox 1381 1446 1510 1473; x_wconf 85' lang='lat' dir='ltr'>IPSUM</span> <span class='ocrx_word' id='word_1_115' title='bbox 1533 1447 1733 1474; x_wconf 68' lang='lat' dir='ltr'>MERENTE</span> 
     </span>
     <span class='ocr_line' id='line_1_17' title="bbox 295 1495 1684 1538; baseline 0.001 -7"><span class='ocrx_word' id='word_1_116' title='bbox 295 1505 415 1538; x_wconf 71' lang='lat' dir='ltr'>QUAM</span> <span class='ocrx_word' id='word_1_117' title='bbox 436 1505 600 1531; x_wconf 76' lang='lat' dir='ltr'>MERERI</span> <span class='ocrx_word' id='word_1_118' title='bbox 616 1504 743 1531; x_wconf 74' lang='lat' dir='ltr'><strong>SAEPE</strong></span> <span class='ocrx_word' id='word_1_119' title='bbox 760 1504 909 1532; x_wconf 69' lang='lat' dir='ltr'>DICTUS</span> <span class='ocrx_word' id='word_1_120' title='bbox 925 1505 1010 1531; x_wconf 86' lang='lat' dir='ltr'>EST.</span> <span class='ocrx_word' id='word_1_121' title='bbox 1029 1495 1115 1532; x_wconf 61' lang='lat' dir='ltr'>CER</span> <span class='ocrx_word' id='word_1_122' title='bbox 1131 1506 1273 1532; x_wconf 57' lang='lat' dir='ltr'>TAMEN</span> <span class='ocrx_word' id='word_1_123' title='bbox 1288 1506 1402 1533; x_wconf 74' lang='lat' dir='ltr'><strong>ADEO</strong></span> <span class='ocrx_word' id='word_1_124' title='bbox 1424 1506 1684 1534; x_wconf 69' lang='lat' dir='ltr'>DIs‘PLtCEAT.</span> 
     </span>
    </p>
   </div>
   <div class='ocr_carea' id='block_1_5' title="bbox 237 1649 1732 1920">
    <p class='ocr_par' dir='ltr' id='par_1_5' title="bbox 237 1649 1732 1920">
     <span class='ocr_line' id='line_1_18' title="bbox 304 1649 1732 1707; baseline 0.003 -16"><span class='ocrx_word' id='word_1_125' title='bbox 304 1649 402 1701; x_wconf 85' lang='lat' dir='ltr'>Quo</span> <span class='ocrx_word' id='word_1_126' title='bbox 431 1665 537 1692; x_wconf 78' lang='lat' dir='ltr'>vero</span> <span class='ocrx_word' id='word_1_127' title='bbox 566 1649 765 1692; x_wconf 81' lang='lat' dir='ltr'>feliciore</span> <span class='ocrx_word' id='word_1_128' title='bbox 803 1665 905 1693; x_wconf 89' lang='lat' dir='ltr'>cum</span> <span class='ocrx_word' id='word_1_129' title='bbox 945 1650 1182 1705; x_wconf 75' lang='lat' dir='ltr'>diligentia</span> <span class='ocrx_word' id='word_1_130' title='bbox 1217 1665 1242 1692; x_wconf 87' lang='lat' dir='ltr'>a</span> <span class='ocrx_word' id='word_1_131' title='bbox 1278 1650 1482 1707; x_wconf 76' lang='lat' dir='ltr'>Vergilio</span> <span class='ocrx_word' id='word_1_132' title='bbox 1523 1651 1732 1695; x_wconf 87' lang='lat' dir='ltr'>demons-</span> 
     </span>
     <span class='ocr_line' id='line_1_19' title="bbox 241 1721 1729 1779; baseline 0.003 -17"><span class='ocrx_word' id='word_1_133' title='bbox 241 1724 387 1763; x_wconf 85' lang='lat' dir='ltr'>tratur</span> <span class='ocrx_word' id='word_1_134' title='bbox 425 1721 467 1762; x_wconf 93' lang='lat' dir='ltr'>in</span> <span class='ocrx_word' id='word_1_135' title='bbox 497 1722 833 1779; x_wconf 81' lang='lat' dir='ltr'>penitissimum</span> <span class='ocrx_word' id='word_1_136' title='bbox 872 1721 1061 1764; x_wconf 80' lang='lat' dir='ltr'>Didonis</span> <span class='ocrx_word' id='word_1_137' title='bbox 1097 1721 1299 1764; x_wconf 83' lang='lat' dir='ltr'>animum</span> <span class='ocrx_word' id='word_1_138' title='bbox 1333 1721 1574 1765; x_wconf 83' lang='lat' dir='ltr'>defluxisse</span> <span class='ocrx_word' id='word_1_139' title='bbox 1603 1738 1729 1766; x_wconf 85' lang='lat' dir='ltr'>amo-</span> 
     </span>
     <span class='ocr_line' id='line_1_20' title="bbox 237 1792 1729 1850; baseline 0.002 -16"><span class='ocrx_word' id='word_1_140' title='bbox 237 1806 333 1834; x_wconf 87' lang='lat' dir='ltr'>rem</span> <span class='ocrx_word' id='word_1_141' title='bbox 387 1792 582 1850; x_wconf 88' lang='lat' dir='ltr'>imisque</span> <span class='ocrx_word' id='word_1_142' title='bbox 633 1793 679 1834; x_wconf 91' lang='lat' dir='ltr'>in</span> <span class='ocrx_word' id='word_1_143' title='bbox 734 1793 1014 1850; x_wconf 78' lang='lat' dir='ltr'>praecordiis</span> <span class='ocrx_word' id='word_1_144' title='bbox 1064 1792 1263 1834; x_wconf 82' lang='lat' dir='ltr'>defixum</span> <span class='ocrx_word' id='word_1_145' title='bbox 1315 1793 1562 1845; x_wconf 82' lang='lat' dir='ltr'>insedisse,</span> <span class='ocrx_word' id='word_1_146' title='bbox 1606 1798 1729 1837; x_wconf 83' lang='lat' dir='ltr'>tanto</span> 
     </span>
     <span class='ocr_line' id='line_1_21' title="bbox 237 1863 1729 1920; baseline 0.003 -16"><span class='ocrx_word' id='word_1_147' title='bbox 237 1864 382 1918; x_wconf 79' lang='lat' dir='ltr'>magis</span> <span class='ocrx_word' id='word_1_148' title='bbox 410 1863 685 1920; x_wconf 82' lang='lat' dir='ltr'>injucundus</span> <span class='ocrx_word' id='word_1_149' title='bbox 713 1868 780 1906; x_wconf 88' lang='lat' dir='ltr'>est</span> <span class='ocrx_word' id='word_1_150' title='bbox 798 1865 1011 1906; x_wconf 88' lang='lat' dir='ltr'>immotus</span> <span class='ocrx_word' id='word_1_151' title='bbox 1040 1864 1115 1907; x_wconf 89' lang='lat' dir='ltr'>ille</span> <span class='ocrx_word' id='word_1_152' title='bbox 1143 1879 1194 1906; x_wconf 89' lang='lat' dir='ltr'>ac</span> <span class='ocrx_word' id='word_1_153' title='bbox 1221 1864 1392 1920; x_wconf 78' lang='lat' dir='ltr'>frigens</span> <span class='ocrx_word' id='word_1_154' title='bbox 1419 1865 1600 1908; x_wconf 82' lang='lat' dir='ltr'>Aeneae</span> <span class='ocrx_word' id='word_1_155' title='bbox 1629 1881 1729 1909; x_wconf 88' lang='lat' dir='ltr'>eam</span> 
     </span>
    </p>
   </div>
   <div class='ocr_carea' id='block_1_6' title="bbox 236 1933 1723 2067">
    <p class='ocr_par' dir='ltr' id='par_1_6' title="bbox 236 1933 1723 2067">
     <span class='ocr_line' id='line_1_22' title="bbox 236 1933 762 1993; baseline 0.004 -17"><span class='ocrx_word' id='word_1_156' title='bbox 236 1933 595 1993; x_wconf 86' lang='lat' dir='ltr'>derelinquentis</span> <span class='ocrx_word' id='word_1_157' title='bbox 622 1935 762 1991; x_wconf 74' lang='lat' dir='ltr'>rigor.</span> 
     </span>
     <span class='ocr_line' id='line_1_23' title="bbox 294 2005 1723 2067; baseline 0.002 -20"><span class='ocrx_word' id='word_1_158' title='bbox 294 2005 393 2048; x_wconf 88' lang='lat' dir='ltr'>Non</span> <span class='ocrx_word' id='word_1_159' title='bbox 430 2006 555 2064; x_wconf 84' lang='lat' dir='ltr'>quod</span> <span class='ocrx_word' id='word_1_160' title='bbox 593 2006 797 2064; x_wconf 89' lang='lat' dir='ltr'>profecto</span> <span class='ocrx_word' id='word_1_161' title='bbox 837 2007 1168 2065; x_wconf 80' lang='lat' dir='ltr'>vituperandus</span> <span class='ocrx_word' id='word_1_162' title='bbox 1197 2007 1278 2060; x_wconf 87' lang='lat' dir='ltr'>sit,</span> <span class='ocrx_word' id='word_1_163' title='bbox 1324 2008 1440 2050; x_wconf 85' lang='lat' dir='ltr'>sicut</span> <span class='ocrx_word' id='word_1_164' title='bbox 1475 2008 1723 2067; x_wconf 82' lang='lat' dir='ltr'>aliquando</span> 
     </span>
    </p>
   </div>
   <div class='ocr_carea' id='block_1_7' title="bbox 233 2147 1725 2284">
    <p class='ocr_par' dir='ltr' id='par_1_7' title="bbox 233 2147 1725 2284">
     <span class='ocr_line' id='line_1_24' title="bbox 274 2147 1725 2189; baseline 0.003 -12"><span class='ocrx_word' id='word_1_165' title='bbox 274 2147 300 2177; x_wconf 93' lang='lat'>1.</span> <span class='ocrx_word' id='word_1_166' title='bbox 337 2147 577 2188; x_wconf 70' lang='lat' dir='ltr'>Antiqztilates</span> <span class='ocrx_word' id='word_1_167' title='bbox 610 2158 793 2181; x_wconf 76' lang='lat' dir='ltr'>romanae.</span> <span class='ocrx_word' id='word_1_168' title='bbox 824 2158 854 2188; x_wconf 85' lang='lat' dir='ltr'>p.</span> <span class='ocrx_word' id='word_1_169' title='bbox 886 2148 1026 2180; x_wconf 52' lang='grc' dir='ltr'>*Εἴ-’238</span> <span class='ocrx_word' id='word_1_170' title='bbox 1058 2159 1064 2179; x_wconf 87' lang='lat'>:</span> <span class='ocrx_word' id='word_1_171' title='bbox 1097 2162 1111 2175; x_wconf 91' lang='lat'>«</span> <span class='ocrx_word' id='word_1_172' title='bbox 1147 2148 1244 2189; x_wconf 66' lang='lat' dir='ltr'>Virgo</span> <span class='ocrx_word' id='word_1_173' title='bbox 1279 2159 1348 2179; x_wconf 89' lang='lat' dir='ltr'>cum</span> <span class='ocrx_word' id='word_1_174' title='bbox 1378 2149 1610 2187; x_wconf 80' lang='lat' dir='ltr'>deduceretur,</span> <span class='ocrx_word' id='word_1_175' title='bbox 1644 2153 1725 2181; x_wconf 86' lang='lat' dir='ltr'>teste</span> 
     </span>
     <span class='ocr_line' id='line_1_25' title="bbox 235 2195 1723 2239; baseline 0.003 -14"><span class='ocrx_word' id='word_1_176' title='bbox 235 2195 348 2225; x_wconf 77' lang='lat' dir='ltr'>Paullo</span> <span class='ocrx_word' id='word_1_177' title='bbox 369 2205 409 2225; x_wconf 80' lang='lat' dir='ltr'>ex</span> <span class='ocrx_word' id='word_1_178' title='bbox 430 2195 522 2225; x_wconf 76' lang='lat' dir='ltr'>Festo</span> <span class='ocrx_word' id='word_1_179' title='bbox 545 2205 552 2226; x_wconf 88' lang='lat'>:</span> <span class='ocrx_word' id='word_1_180' title='bbox 574 2196 688 2236; x_wconf 69' lang='lat' dir='ltr'>facem</span> <span class='ocrx_word' id='word_1_181' title='bbox 713 2197 744 2226; x_wconf 91' lang='lat' dir='ltr'>in</span> <span class='ocrx_word' id='word_1_182' title='bbox 765 2197 884 2236; x_wconf 82' lang='lat' dir='ltr'>nuptiis</span> <span class='ocrx_word' id='word_1_183' title='bbox 909 2197 939 2227; x_wconf 87' lang='lat' dir='ltr'>in</span> <span class='ocrx_word' id='word_1_184' title='bbox 963 2198 1114 2228; x_wconf 82' lang='lat' dir='ltr'>honorem</span> <span class='ocrx_word' id='word_1_185' title='bbox 1138 2196 1263 2227; x_wconf 80' lang='lat' dir='ltr'>Cereris</span> <span class='ocrx_word' id='word_1_186' title='bbox 1284 2197 1549 2237; x_wconf 79' lang='lat' dir='ltr'>praeferebant...</span> <span class='ocrx_word' id='word_1_187' title='bbox 1573 2198 1621 2229; x_wconf 77' lang='lat' dir='ltr'>Ad</span> <span class='ocrx_word' id='word_1_188' title='bbox 1643 2207 1723 2239; x_wconf 87' lang='lat' dir='ltr'>quos</span> 
     </span>
     <span class='ocr_line' id='line_1_26' title="bbox 233 2242 1079 2284; baseline 0.002 -12"><span class='ocrx_word' id='word_1_189' title='bbox 233 2242 316 2273; x_wconf 88' lang='lat' dir='ltr'>ritus</span> <span class='ocrx_word' id='word_1_190' title='bbox 337 2243 406 2273; x_wconf 85' lang='lat' dir='ltr'>sine</span> <span class='ocrx_word' id='word_1_191' title='bbox 429 2242 527 2273; x_wconf 87' lang='lat' dir='ltr'>dubio</span> <span class='ocrx_word' id='word_1_192' title='bbox 550 2246 674 2283; x_wconf 83' lang='lat' dir='ltr'>spectat</span> <span class='ocrx_word' id='word_1_193' title='bbox 694 2247 788 2284; x_wconf 79' lang='lat' dir='ltr'>poeta</span> <span class='ocrx_word' id='word_1_194' title='bbox 809 2244 874 2284; x_wconf 62' lang='lat' dir='ltr'>(IV,</span> <span class='ocrx_word' id='word_1_195' title='bbox 900 2244 1050 2283; x_wconf 28' lang='lat'>*467-463)</span> <span class='ocrx_word' id='word_1_196' title='bbox 1073 2254 1079 2274; x_wconf 92' lang='lat'>:</span> 
     </span>
    </p>
   </div>
   <div class='ocr_carea' id='block_1_8' title="bbox 533 2320 1424 2399">
    <p class='ocr_par' dir='ltr' id='par_1_8' title="bbox 533 2320 1424 2399">
     <span class='ocr_line' id='line_1_27' title="bbox 724 2320 1290 2357; baseline 0.003 -10.835"><span class='ocrx_word' id='word_1_197' title='bbox 724 2329 736 2347; x_wconf 83' lang='lat'>»</span> <span class='ocrx_word' id='word_1_198' title='bbox 761 2320 882 2348; x_wconf 80' lang='lat' dir='ltr'>Fulsere</span> <span class='ocrx_word' id='word_1_199' title='bbox 898 2321 981 2357; x_wconf 83' lang='lat' dir='ltr'>ignes</span> <span class='ocrx_word' id='word_1_200' title='bbox 995 2325 1022 2349; x_wconf 82' lang='lat' dir='ltr'>et</span> <span class='ocrx_word' id='word_1_201' title='bbox 1037 2322 1172 2349; x_wconf 84' lang='lat' dir='ltr'>conscius</span> <span class='ocrx_word' id='word_1_202' title='bbox 1190 2321 1290 2348; x_wconf 83' lang='lat' dir='ltr'>aether</span> 
     </span>
     <span class='ocr_line' id='line_1_28' title="bbox 533 2363 1424 2399; baseline 0 -9"><span class='ocrx_word' id='word_1_203' title='bbox 533 2363 720 2390; x_wconf 67' lang='lat' dir='ltr'>conubiis...</span> <span class='ocrx_word' id='word_1_204' title='bbox 742 2371 915 2399; x_wconf 79' lang='lat' dir='ltr'>summoque</span> <span class='ocrx_word' id='word_1_205' title='bbox 931 2364 1083 2392; x_wconf 76' lang='lat' dir='ltr'>ulularunt</span> <span class='ocrx_word' id='word_1_206' title='bbox 1104 2364 1213 2391; x_wconf 85' lang='lat' dir='ltr'>vertice</span> <span class='ocrx_word' id='word_1_207' title='bbox 1234 2363 1393 2399; x_wconf 67' lang='lat' dir='ltr'>Nymphae.</span> <span class='ocrx_word' id='word_1_208' title='bbox 1413 2374 1424 2390; x_wconf 76' lang='lat' dir='ltr'>n</span> 
     </span>
    </p>
   </div>
   <div class='ocr_carea' id='block_1_9' title="bbox 225 2433 1719 2764">
    <p class='ocr_par' dir='ltr' id='par_1_9' title="bbox 225 2433 1719 2702">
     <span class='ocr_line' id='line_1_29' title="bbox 271 2433 1718 2479; baseline 0.004 -15"><span class='ocrx_word' id='word_1_209' title='bbox 271 2448 285 2461; x_wconf 75' lang='grc' dir='ltr'>α</span> <span class='ocrx_word' id='word_1_210' title='bbox 310 2433 512 2466; x_wconf 76' lang='lat' dir='ltr'>Canebantur</span> <span class='ocrx_word' id='word_1_211' title='bbox 532 2435 626 2465; x_wconf 79' lang='lat' dir='ltr'>etiam</span> <span class='ocrx_word' id='word_1_212' title='bbox 647 2437 789 2467; x_wconf 86' lang='lat' dir='ltr'>carmina</span> <span class='ocrx_word' id='word_1_213' title='bbox 810 2437 995 2467; x_wconf 77' lang='lat' dir='ltr'>fescennina</span> <span class='ocrx_word' id='word_1_214' title='bbox 1014 2440 1086 2468; x_wconf 82' lang='lat' dir='ltr'>ante</span> <span class='ocrx_word' id='word_1_215' title='bbox 1109 2438 1205 2476; x_wconf 75' lang='lat' dir='ltr'>fores,</span> <span class='ocrx_word' id='word_1_216' title='bbox 1222 2447 1304 2478; x_wconf 86' lang='lat' dir='ltr'>quae</span> <span class='ocrx_word' id='word_1_217' title='bbox 1320 2441 1448 2479; x_wconf 78' lang='lat' dir='ltr'>tangere</span> <span class='ocrx_word' id='word_1_218' title='bbox 1464 2438 1593 2469; x_wconf 84' lang='lat' dir='ltr'>videtur</span> <span class='ocrx_word' id='word_1_219' title='bbox 1614 2442 1718 2478; x_wconf 83' lang='lat' dir='ltr'>poeta,</span> 
     </span>
     <span class='ocr_line' id='line_1_30' title="bbox 228 2480 1719 2525; baseline 0.003 -14"><span class='ocrx_word' id='word_1_220' title='bbox 228 2481 279 2518; x_wconf 89' lang='lat' dir='ltr'>1V,</span> <span class='ocrx_word' id='word_1_221' title='bbox 303 2480 374 2513; x_wconf 76' lang='lat'>468.</span> <span class='ocrx_word' id='word_1_222' title='bbox 400 2494 413 2508; x_wconf 69' lang='grc' dir='ltr'>υ</span> <span class='ocrx_word' id='word_1_223' title='bbox 435 2482 594 2522; x_wconf 78' lang='lat' dir='ltr'>Nequihat</span> <span class='ocrx_word' id='word_1_224' title='bbox 615 2484 771 2522; x_wconf 82' lang='lat' dir='ltr'>profecto,</span> <span class='ocrx_word' id='word_1_225' title='bbox 795 2487 827 2513; x_wconf 89' lang='lat' dir='ltr'>ut</span> <span class='ocrx_word' id='word_1_226' title='bbox 851 2484 943 2514; x_wconf 82' lang='lat' dir='ltr'>docte</span> <span class='ocrx_word' id='word_1_227' title='bbox 962 2485 1149 2524; x_wconf 75' lang='lat' dir='ltr'>pronuntiat</span> <span class='ocrx_word' id='word_1_228' title='bbox 1172 2485 1375 2524; x_wconf 64' lang='lat' dir='ltr'>Pssssni.1&lt;.n1r&gt;‚</span> <span class='ocrx_word' id='word_1_229' title='bbox 1394 2499 1407 2513; x_wconf 89' lang='lat'><em>«</em></span> <span class='ocrx_word' id='word_1_230' title='bbox 1432 2485 1604 2516; x_wconf 84' lang='lat' dir='ltr'>conubium</span> <span class='ocrx_word' id='word_1_231' title='bbox 1625 2486 1719 2525; x_wconf 79' lang='lat' dir='ltr'>plane</span> 
     </span>
     <span class='ocr_line' id='line_1_31' title="bbox 227 2528 1719 2571; baseline 0.003 -13"><span class='ocrx_word' id='word_1_232' title='bbox 227 2528 444 2569; x_wconf 86' lang='lat' dir='ltr'>legitimum...</span> <span class='ocrx_word' id='word_1_233' title='bbox 468 2529 500 2560; x_wconf 91' lang='lat' dir='ltr'>in</span> <span class='ocrx_word' id='word_1_234' title='bbox 521 2530 675 2569; x_wconf 81' lang='lat' dir='ltr'>spelunca</span> <span class='ocrx_word' id='word_1_235' title='bbox 696 2531 840 2561; x_wconf 72' lang='lat' dir='ltr'>contrahi</span> <span class='ocrx_word' id='word_1_236' title='bbox 866 2540 898 2565; x_wconf 73' lang='lat'>»2</span> <span class='ocrx_word' id='word_1_237' title='bbox 926 2531 1086 2571; x_wconf 74' lang='lat' dir='ltr'>Vergilius</span> <span class='ocrx_word' id='word_1_238' title='bbox 1108 2535 1212 2563; x_wconf 56' lang='lat' dir='ltr'>tamon</span> <span class='ocrx_word' id='word_1_239' title='bbox 1233 2542 1292 2563; x_wconf 89' lang='lat' dir='ltr'>nos</span> <span class='ocrx_word' id='word_1_240' title='bbox 1315 2533 1439 2563; x_wconf 80' lang='lat' dir='ltr'>inducit</span> <span class='ocrx_word' id='word_1_241' title='bbox 1459 2533 1499 2563; x_wconf 85' lang='lat' dir='ltr'>ad</span> <span class='ocrx_word' id='word_1_242' title='bbox 1521 2533 1719 2564; x_wconf 82' lang='lat' dir='ltr'>credendum</span> 
     </span>
     <span class='ocr_line' id='line_1_32' title="bbox 225 2577 1717 2620; baseline 0.003 -14"><span class='ocrx_word' id='word_1_243' title='bbox 225 2585 263 2607; x_wconf 85' lang='lat' dir='ltr'>ea</span> <span class='ocrx_word' id='word_1_244' title='bbox 282 2578 357 2607; x_wconf 82' lang='lat' dir='ltr'>tune</span> <span class='ocrx_word' id='word_1_245' title='bbox 387 2577 480 2616; x_wconf 76' lang='lat' dir='ltr'>signa</span> <span class='ocrx_word' id='word_1_246' title='bbox 509 2577 670 2615; x_wconf 80' lang='lat' dir='ltr'>adfuisse,</span> <span class='ocrx_word' id='word_1_247' title='bbox 701 2588 781 2619; x_wconf 77' lang='lat' dir='ltr'>quae</span> <span class='ocrx_word' id='word_1_248' title='bbox 813 2579 1071 2617; x_wconf 59' lang='lat' dir='ltr'>superstitiosam</span> <span class='ocrx_word' id='word_1_249' title='bbox 1103 2583 1237 2611; x_wconf 79' lang='lat' dir='ltr'>mentem</span> <span class='ocrx_word' id='word_1_250' title='bbox 1266 2581 1298 2611; x_wconf 91' lang='lat' dir='ltr'>in</span> <span class='ocrx_word' id='word_1_251' title='bbox 1328 2589 1470 2611; x_wconf 86' lang='lat' dir='ltr'>errorem</span> <span class='ocrx_word' id='word_1_252' title='bbox 1501 2580 1717 2620; x_wconf 78' lang='lat' dir='ltr'>gratissimum</span> 
     </span>
     <span class='ocr_line' id='line_1_33' title="bbox 226 2623 1716 2664; baseline 0.004 -11"><span class='ocrx_word' id='word_1_253' title='bbox 226 2623 380 2663; x_wconf 87' lang='lat' dir='ltr'>pellicere</span> <span class='ocrx_word' id='word_1_254' title='bbox 402 2628 545 2664; x_wconf 80' lang='lat' dir='ltr'>possent,</span> <span class='ocrx_word' id='word_1_255' title='bbox 570 2625 664 2656; x_wconf 81' lang='lat' dir='ltr'>tidem</span> <span class='ocrx_word' id='word_1_256' title='bbox 687 2626 836 2656; x_wconf 80' lang='lat' dir='ltr'>facientia</span> <span class='ocrx_word' id='word_1_257' title='bbox 857 2626 937 2656; x_wconf 90' lang='lat' dir='ltr'>illud</span> <span class='ocrx_word' id='word_1_258' title='bbox 962 2636 1025 2657; x_wconf 90' lang='lat' dir='ltr'>non</span> <span class='ocrx_word' id='word_1_259' title='bbox 1046 2627 1114 2657; x_wconf 82' lang='lat' dir='ltr'>sine</span> <span class='ocrx_word' id='word_1_260' title='bbox 1136 2628 1263 2658; x_wconf 85' lang='lat' dir='ltr'>numine</span> <span class='ocrx_word' id='word_1_261' title='bbox 1286 2628 1423 2659; x_wconf 89' lang='lat' dir='ltr'>Deorum</span> <span class='ocrx_word' id='word_1_262' title='bbox 1448 2630 1478 2658; x_wconf 85' lang='lat' dir='ltr'>et</span> <span class='ocrx_word' id='word_1_263' title='bbox 1505 2628 1716 2659; x_wconf 79' lang='lat' dir='ltr'>consensione</span> 
     </span>
     <span class='ocr_line' id='line_1_34' title="bbox 225 2671 307 2702; baseline 0.012 -1"><span class='ocrx_word' id='word_1_264' title='bbox 225 2671 307 2702; x_wconf 81' lang='lat' dir='ltr'>fleri.</span> 
     </span>
    </p>

    <p class='ocr_par' dir='ltr' id='par_1_10' title="bbox 266 2719 1518 2764">
     <span class='ocr_line' id='line_1_35' title="bbox 266 2719 1518 2764; baseline 0.004 -15"><span class='ocrx_word' id='word_1_265' title='bbox 266 2719 297 2749; x_wconf 79' lang='lat'>2.</span> <span class='ocrx_word' id='word_1_266' title='bbox 324 2719 379 2750; x_wconf 90' lang='lat' dir='ltr'>Cui</span> <span class='ocrx_word' id='word_1_267' title='bbox 402 2719 530 2760; x_wconf 85' lang='lat' dir='ltr'>quidem</span> <span class='ocrx_word' id='word_1_268' title='bbox 551 2720 644 2751; x_wconf 77' lang='lat' dir='ltr'>liceat</span> <span class='ocrx_word' id='word_1_269' title='bbox 665 2722 787 2752; x_wconf 79' lang='lat' dir='ltr'>dixisse</span> <span class='ocrx_word' id='word_1_270' title='bbox 806 2722 893 2762; x_wconf 87' lang='lat' dir='ltr'>quod</span> <span class='ocrx_word' id='word_1_271' title='bbox 914 2723 1002 2762; x_wconf 88' lang='lat' dir='ltr'>apud</span> <span class='ocrx_word' id='word_1_272' title='bbox 1023 2722 1157 2754; x_wconf 70' lang='lat' dir='ltr'>Ovmmn</span> <span class='ocrx_word' id='word_1_273' title='bbox 1178 2723 1343 2764; x_wconf 84' lang='lat' dir='ltr'>(Heroid.,</span> <span class='ocrx_word' id='word_1_274' title='bbox 1367 2733 1410 2760; x_wconf 79' lang='lat' dir='ltr'>vi,</span> <span class='ocrx_word' id='word_1_275' title='bbox 1434 2722 1484 2763; x_wconf 73' lang='lat'>43)</span> <span class='ocrx_word' id='word_1_276' title='bbox 1511 2733 1518 2754; x_wconf 90' lang='lat'>:</span> 
     </span>
    </p>
   </div>
   <div class='ocr_carea' id='block_1_10' title="bbox 544 2798 1331 2867">
    <p class='ocr_par' dir='ltr' id='par_1_11' title="bbox 544 2798 1331 2867">
     <span class='ocr_line' id='line_1_36' title="bbox 545 2798 1331 2836; baseline 0.005 -13"><span class='ocrx_word' id='word_1_277' title='bbox 545 2798 607 2824; x_wconf 86' lang='lat' dir='ltr'>Non</span> <span class='ocrx_word' id='word_1_278' title='bbox 622 2806 674 2833; x_wconf 79' lang='lat' dir='ltr'>ego</span> <span class='ocrx_word' id='word_1_279' title='bbox 690 2807 755 2826; x_wconf 67' lang='lat' dir='ltr'>sum</span> <span class='ocrx_word' id='word_1_280' title='bbox 770 2799 870 2826; x_wconf 82' lang='lat' dir='ltr'>furtim</span> <span class='ocrx_word' id='word_1_281' title='bbox 887 2800 939 2827; x_wconf 83' lang='lat' dir='ltr'>tibi</span> <span class='ocrx_word' id='word_1_282' title='bbox 959 2801 1088 2835; x_wconf 82' lang='lat' dir='ltr'>cognita;</span> <span class='ocrx_word' id='word_1_283' title='bbox 1110 2801 1240 2836; x_wconf 83' lang='lat' dir='ltr'>pronuba</span> <span class='ocrx_word' id='word_1_284' title='bbox 1258 2801 1331 2827; x_wconf 66' lang='lat' dir='ltr'>duno</span> 
     </span>
     <span class='ocr_line' id='line_1_37' title="bbox 544 2840 1276 2867; baseline 0 -1"><span class='ocrx_word' id='word_1_285' title='bbox 544 2840 659 2867; x_wconf 79' lang='lat' dir='ltr'>Adfuit.</span> <span class='ocrx_word' id='word_1_286' title='bbox 1272 2849 1276 2853; x_wconf 87' lang='grc'><strong>’</strong></span> 
     </span>
    </p>
   </div>
   <div class='ocr_carea' id='block_1_11' title="bbox 261 2909 1591 2956">
    <p class='ocr_par' dir='ltr' id='par_1_12' title="bbox 261 2909 1591 2956">
     <span class='ocr_line' id='line_1_38' title="bbox 261 2909 1591 2956; baseline 0.004 -15"><span class='ocrx_word' id='word_1_287' title='bbox 261 2909 292 2942; x_wconf 85' lang='lat'>3.</span> <span class='ocrx_word' id='word_1_288' title='bbox 317 2910 363 2942; x_wconf 80' lang='lat' dir='ltr'>Cf.</span> <span class='ocrx_word' id='word_1_289' title='bbox 383 2914 513 2952; x_wconf 76' lang='lat' dir='ltr'>argutas</span> <span class='ocrx_word' id='word_1_290' title='bbox 532 2912 571 2943; x_wconf 84' lang='lat' dir='ltr'>de</span> <span class='ocrx_word' id='word_1_291' title='bbox 595 2912 654 2943; x_wconf 88' lang='lat' dir='ltr'>hoc</span> <span class='ocrx_word' id='word_1_292' title='bbox 676 2914 921 2945; x_wconf 66' lang='lat' dir='ltr'>observati-&gt;nes</span> <span class='ocrx_word' id='word_1_293' title='bbox 942 2914 1029 2956; x_wconf 78' lang='lat' dir='ltr'>apud</span> <span class='ocrx_word' id='word_1_294' title='bbox 1052 2915 1174 2953; x_wconf 66' lang='lat' dir='ltr'>Hssxnr,</span> <span class='ocrx_word' id='word_1_295' title='bbox 1198 2914 1381 2951; x_wconf 65' lang='lat' dir='ltr'>Aeaciden,</span> <span class='ocrx_word' id='word_1_296' title='bbox 1405 2914 1442 2951; x_wconf 90' lang='lat' dir='ltr'>ll,</span> <span class='ocrx_word' id='word_1_297' title='bbox 1467 2924 1497 2954; x_wconf 87' lang='lat' dir='ltr'>p.</span> <span class='ocrx_word' id='word_1_298' title='bbox 1521 2913 1591 2946; x_wconf 78' lang='lat'>590.</span> 
     </span>
    </p>
   </div>
  </div>
 </body>
</html>
