1889 3319
299 120 356 163 22
908 134 1008 164 PARS
1041 135 1181 164 PRIOR.

299 250 464 303 dicam,
497 255 764 310 ἀρχαιολογικᾶ
798 250 1110 294 additamenta
1146 265 1172 292 a
1210 250 1418 293 Varrone
1454 249 1681 306 Vergilius
1714 266 1789 294 ac—

301 323 476 380 cepisse
503 321 725 364 videtur¹.

357 392 475 435 Num
504 407 611 435 vero
638 408 663 435 a
691 407 781 450 quo
809 392 863 435 de
890 392 1239 436 Andromachae
1266 393 1355 435 vita
1379 396 1421 435 et
1448 392 1550 435 fatis
1576 407 1648 435 res
1666 393 1789 451 ipsas

297 464 591 506 mutuabatur
615 464 833 519 integras,
866 463 1051 507 affectus
1075 479 1257 522 quoque
1277 464 1569 519 etingenium
1595 463 1789 507 feminae

299 551 351 578 ex
377 539 471 577 toto
507 539 550 577 et
588 535 684 577 sine
720 535 811 577 ulla
840 535 1195 578 commutatione
1234 535 1513 593 assumpsit?
1544 534 1790 577 Pertritum

296 606 417 649 hunc
444 606 596 648 locum
624 611 759 664 atque
787 621 813 649 a
839 607 993 649 multis
1021 607 1140 649 inter
1172 606 1448 648 recentiores
1488 606 1654 648 criticis
1684 606 1790 649 sub-

296 677 435 720 tiliter
462 681 720 723 tractatum,
746 678 878 720 liceat
904 681 1055 720 tamen
1084 677 1194 719 mihi
1220 678 1491 731 instaurare,
1513 677 1619 735 quia
1641 677 1789 735 primo

297 764 386 792 non
424 753 753 791 consenserunt
790 763 947 791 omnes
979 748 1034 791 de
1066 749 1120 793 iis
1157 763 1273 806 quae
1305 749 1424 790 inter
1455 747 1722 806 Euripidem
1747 752 1791 791 et

298 819 573 877 Vergilium,
612 825 655 862 et
698 820 817 862 inter
856 824 1097 878 utrumque
1137 824 1273 877 atque
1314 819 1564 862 Homerum
1598 819 1789 861 interce-

299 891 464 944 dant23
495 918 552 922 —
574 892 681 949 quia
708 891 979 949 praesertim
1016 891 1224 949 plerique
1258 890 1627 933 Andromacham
1662 890 1787 932 illam

297 978 322 1005 a
358 962 562 1020 Vergilio
602 967 854 1005 correctam
893 966 937 1004 et
972 962 1187 1005 refectam
1228 962 1373 1004 levius
1409 962 1534 1018 justo
1579 966 1786 1020 praeter—

298 1035 475 1077 misisse
510 1034 620 1076 mihi
654 1034 887 1087 videntur,
931 1035 1061 1092 quasi
1100 1033 1356 1089 dedignati,
1388 1048 1469 1077 nec
1510 1034 1618 1076 satis
1654 1033 1787 1075 intel—

295 1106 456 1149 lexisse
486 1120 622 1163 quam
652 1121 757 1147 vere
786 1104 1048 1161 Vergiliana
1078 1105 1148 1148 sit.

1022 1307 1063 1350 ΙΙ

723 1449 777 1475 DE
811 1449 1044 1475 EURIPIDEA
1076 1447 1370 1476 ANDROMACHA

355 1595 649 1654 Euripideam
691 1595 830 1651 igitur
876 1595 1073 1653 primum
1122 1594 1486 1637 Andromacham
1533 1596 1787 1638 accuratius

296 1668 592 1726 introspicere
620 1666 753 1719 libet,
786 1666 968 1724 qualem
1004 1681 1048 1708 se
1083 1667 1128 1708 in
1165 1665 1410 1709 Troadibus
1446 1671 1490 1709 et
1525 1667 1569 1709 in
1610 1665 1788 1710 Andro-

297 1738 457 1781 macha
487 1752 688 1785 uxorem,
721 1737 904 1795 qualem
932 1741 1121 1779 matrem
1152 1737 1377 1779 exhibeat.

355 1808 645 1867 Captivarum
676 1813 826 1850 autem
855 1807 1156 1863 Trojanarum
1184 1807 1495 1865 spectaculum
1526 1809 1569 1850 in
1606 1807 1789 1851 Troadi-

297 1881 374 1924 bus
401 1880 532 1923 nobis
561 1880 847 1938 proponitur.
881 1878 1082 1931 Quarum
1112 1880 1153 1920 in
1185 1884 1354 1921 maesta
1389 1884 1566 1921 caterva
1598 1880 1785 1937 primas,

295 1956 398 2011 post
438 1950 698 2003 Hecubam,
730 1955 884 2008 partes
926 1950 1019 2006 agit
1054 1949 1389 1993 Andromacha.
1434 1949 1559 2003 Quae
1602 1950 1789 2009 quidem

297 2023 546 2066 sufficiente
575 2037 680 2064 sane
710 2026 752 2064 et
779 2021 968 2064 decente
997 2036 1098 2063 cum
1133 2021 1290 2063 dolore
1325 2021 1531 2064 Hectoris
1559 2022 1790 2065 recordari

295 2094 490 2137 videtur.
537 2094 699 2136 Secum
747 2093 868 2135 enim
912 2093 957 2134 in
1003 2092 1292 2134 Achaeorum
1344 2096 1511 2135 terram
1566 2093 1791 2136 Hectorea

295 2180 416 2208 arma
447 2165 654 2207 ablatura
683 2169 748 2206 est
765 2164 794 2217 ³,
826 2165 870 2206 iu
890 2164 1057 2222 quibus
1078 2163 1258 2217 insidet⁷
1279 2165 1410 2222 quasi
1427 2164 1612 2207 haereat
1634 2179 1642 2218 ς
1674 2165 1789 2208 Hec-

294 2237 404 2280 toris
431 2236 668 2295 praeclara
695 2236 897 2278 facinora
925 2235 1118 2278 libenter
1141 2235 1393 2289 venditat&
1425 2235 1665 2279 Hectorem
1683 2236 1789 2280 licet

296 2313 525 2351 mortuum
552 2308 596 2349 in
625 2307 841 2350 auxilium
870 2308 936 2349 sui
966 2307 1139 2349 vocat?
1176 2307 1387 2349 Attamen
1425 2322 1513 2350 non
1546 2323 1599 2350 eo
1633 2323 1786 2351 amore

293 2380 619 2431 inflammatur,
648 2394 794 2437 neque
820 2393 871 2420 eo
898 2378 1054 2420 dolore
1083 2378 1333 2430 conficitur,
1365 2394 1455 2436 quo
1481 2379 1561 2421 tali
1580 2384 1786 2438 tempore

295 2452 433 2510 paulo
461 2456 562 2509 post
589 2455 818 2493 mortuum
855 2450 1096 2493 Hectorem
1131 2449 1424 2508 dirutumque
1460 2449 1591 2493 Ilium
1631 2452 1786 2494 etiam-

296 2527 391 2565 tum
420 2522 691 2565 inssammari
721 2526 763 2564 et
791 2521 950 2564 confici
979 2525 1334 2563 cousentaneum
1362 2521 1431 2563 sit.

339 2653 366 2684 1.
390 2652 440 2685 Cf.
464 2652 637 2683 VARaox-[ix
658 2651 741 2692 apud
764 2651 916 2688 Semivir,
941 2651 973 2681 in
996 2652 1080 2682 Aen.
1106 2650 1157 2688 ΙΙΙ,
1178 2649 1250 2689 256,
1271 2649 1348 2689 3493
1378 2650 1466 2682 Diox.
1494 2651 1670 2685 HALICARN.
1691 2651 1715 2691 1,
1733 2652 1784 2686 51.

338 2700 368 2732 ’2.
393 2701 439 2733 Cf.
466 2701 573 2731 varias
593 2710 673 2740 quae
696 2700 776 2730 iufra
798 2699 904 2730 rettuli
927 2699 1110 2729 criticorum
1128 2699 1309 2739 opiniones.

338 2748 367 2780 53.
394 2748 528 2780 Tstoacl..
549 2747 696 2778 57357'1.

340 2796 369 2828 4.
396 2795 532 2832 Troad„
553 2795 700 2826 coc-607.

340 2844 369 2876 5.
395 2842 531 2883 Trvad„
553 2842 623 2873 587.
