1889 3319
244 241 299 286 94
852 253 952 283 PARS
986 253 1122 283 Paion.

243 372 367 431 quod
399 372 496 427 jam
535 375 642 414 tunc
680 385 761 413 nos
802 369 938 413 simul
977 370 1246 427 praemonet
1283 380 1373 409 non
1412 365 1606 408 multum
1645 365 1732 409 sibi

240 444 329 502 ipsi
376 446 552 485 sontem
599 441 744 484 videri
783 440 1022 483 Didonem.
1067 438 1275 495 Namque
1319 437 1372 479 iis
1417 436 1529 495 ipsis
1580 437 1733 480 verbis

243 514 410 575 quibus
435 513 514 557 illa
538 528 586 556 se
612 513 805 566 incusat,
836 510 999 554 iisdem
1027 510 1121 552 fere
1148 523 1239 551 una
1266 512 1506 552 excusatur
1535 523 1543 553 :

405 641 410 645 ”
450 645 534 677 Non
555 642 681 682 licuit,
703 641 863 675 thalami
885 645 1083 683 expertem
1102 639 1177 671 sine
1195 638 1342 671 crimine
1364 638 1485 672 vitam

449 697 588 739 degere
608 705 705 728 more
724 695 834 736 serae,

243 828 335 873 quo
357 812 544 865 scilicet,
570 814 619 854 ut
637 810 866 869 sapienter
888 809 1100 852 observat
1117 807 1421 862 Quintilianus
1438 808 1467 861 ¹,
1495 826 1513 847 «
1537 808 1737 866 erumpit

244 885 343 942 ejus
377 884 580 927 adfectus
611 901 630 922 »
674 882 923 939 intimaque
964 879 1210 933 sententia,
1251 897 1270 918 «
1308 882 1356 922 ut
1394 880 1490 922 sine
1523 878 1735 922 thalamis

244 957 385 999 vitain
411 970 500 998 non
529 954 766 996 hominum
793 955 937 1011 putet,
970 951 1050 994 sed
1076 951 1277 993 ferarum
1295 950 1325 994 ².
1361 968 1380 989 »

303 1028 453 1086 Atque
486 1026 675 1084 insuper
706 1025 753 1067 in
786 1023 871 1067 hoc
904 1037 1087 1082 quoque
1115 1025 1308 1081 apparet
1334 1036 1472 1080 quam
1498 1020 1620 1064 bona
1645 1021 1736 1064 fide

245 1099 388 1153 Dido,
418 1097 597 1142 volente
625 1098 785 1155 poeta,
815 1110 905 1138 non
934 1094 1090 1138 credat
1117 1109 1164 1137 se
1190 1094 1371 1137 Aeneae
1405 1093 1549 1136 amori
1586 1091 1737 1136 indul-

247 1248 375 1288 iocipit,
405 1246 494 1278 brevi
522 1256 540 1277 a
561 1255 594 1276 se
615 1245 731 1276 avertit
753 1246 784 1275 et
803 1242 915 1281 abjicit
935 1250 1044 1272 omnes
1061 1240 1180 1281 quibus
1201 1239 1391 1271 cohibeatur
1414 1239 1510 1271 animi
1529 1240 1577 1271 sui
1599 1239 1737 1280 impetus

246 1296 477 1337 cogitationes;
502 1312 538 1317 —
559 1293 663 1330 Dido,
686 1293 739 1323 ubi
761 1291 897 1332 primum
919 1289 1076 1330 proditam
1099 1298 1132 1319 se
1151 1289 1258 1325 sentit,
1277 1288 1419 1319 meritam
1435 1288 1549 1328 culpae
1571 1297 1647 1318 suae
1661 1297 1739 1328 erga

246 1345 357 1376 Manes
385 1343 533 1382 conjugis
566 1350 687 1382 poenas
720 1350 755 1371 se
787 1347 870 1369 nunc
901 1337 1085 1378 persolvere
1115 1336 1283 1374 agnoscm
1313 1354 1354 1359 —
1375 1335 1456 1367 Dido
1491 1336 1644 1367 moritura
1674 1336 1738 1368 sibi

247 1392 384 1433 ignoscit
416 1400 514 1431 seque
547 1390 710 1426 miseram,
741 1397 802 1418 non
843 1395 919 1417 vero
949 1385 1057 1425 gravis
1092 1383 1230 1423 alicujus
1256 1384 1369 1424 culpae
1401 1383 1573 1420 consciam,
1597 1383 1734 1423 judicat.

247 1441 355 1480 Neque
387 1441 460 1469 sunt
490 1438 544 1468 illa
576 1437 699 1468 leviora
727 1435 908 1466 adfectuum
937 1432 1125 1463 discrimina
1150 1441 1244 1472 quam
1274 1434 1306 1462 ut
1330 1434 1480 1462 notentur
1503 1440 1509 1462 :
1532 1440 1602 1462 cum
1624 1431 1656 1461 in
1677 1430 1737 1462 hac

247 1491 340 1519 acuta
367 1485 562 1527 depingendi
591 1484 768 1515 subtilitate
796 1485 826 1513 et
858 1490 910 1512 ars
931 1489 1054 1511 summa
1076 1482 1253 1519 poetarum,
1275 1483 1306 1510 et
1327 1479 1493 1517 lectorum,
1516 1479 1618 1509 nostri
1641 1487 1738 1520 prae-

250 1536 344 1576 cipue
365 1533 532 1574 temporis,
553 1541 675 1563 summa
695 1530 869 1561 oblectatio
891 1531 1037 1569 ponatur.

290 1583 318 1615 1.
341 1582 426 1613 Insc.
457 1580 528 1617 Or„
550 1579 606 1618 IX,
629 1580 660 1615 2.
681 1577 732 1610 64.
755 1595 794 1600 -
819 1577 865 1608 De
886 1576 993 1607 multis
1013 1585 1094 1616 quae
1114 1575 1211 1613 hujus
1228 1575 1290 1606 loci
1312 1575 1498 1615 propositae
1525 1575 1613 1606 fuere
1636 1575 1739 1606 inter-

248 1628 497 1671 pretationibus,
522 1627 572 1658 vel
594 1627 688 1657 ctiam
703 1628 811 1656 textus
833 1623 1119 1659 immutationibus,
1140 1632 1171 1652 v.
1194 1621 1615 1654 1³‹mn1offiMem01-andum
1635 1624 1739 1654 tamen

249 1677 383 1719 primum
405 1678 454 1706 est
480 1674 560 1705 illud
579 1673 675 1714 quod,
699 1672 808 1707 credo,
832 1671 1023 1701 Pacatum?
1044 1670 1148 1700 attulit
1171 1679 1178 1701 z
1200 1683 1213 1695 ιι
1240 1669 1302 1699 Cur
1323 1669 1398 1699 mihi
1428 1678 1491 1699 non
1512 1669 1602 1700 licuit
1630 1669 1740 1700 vivere

248 1734 341 1756 more
366 1724 480 1764 ferae,
516 1722 585 1752 sine
615 1720 819 1751 matrimonio
847 1721 877 1749 et
898 1727 967 1749 cum
989 1717 1134 1757 quolibet
1156 1717 1390 1748 concumbere?
1410 1729 1465 1748 υ...
1487 1717 1592 1747 Aliam
1612 1725 1741 1757 quoque

248 1771 508 1812 explanationem
538 1777 640 1809 nuper
669 1767 815 1798 exhibuit
834 1766 862 1797 J.
885 1766 1007 1803 stnv,
1033 1765 1138 1802 Aen„
1168 1767 1189 1797 t.
1212 1764 1255 1801 11,
1278 1764 1338 1795 792
1361 1774 1369 1795 ε
1391 1778 1405 1792 «
1432 1764 1498 1796 The
1517 1765 1582 1795 vita
1605 1765 1740 1795 serarum

249 1821 278 1851 is
300 1818 355 1850 the
376 1819 550 1853 innocent,
569 1816 687 1847 chasle
708 1814 781 1846 and
801 1813 922 1856 simple
943 1811 1016 1853 life.
1035 1825 1049 1839 υ
1075 1812 1174 1850 Quam
1197 1815 1302 1843 tamen
1324 1822 1385 1843 non
1409 1813 1667 1853 prob0,propter
1680 1812 1741 1843 cir-

250 1866 494 1905 cumjacentium
515 1864 687 1896 verborum
709 1871 850 1893 sensum.

291 1915 321 1947 2.
344 1913 459 1945 Nescio
480 1922 518 1944 an
541 1912 605 1943 fere
627 1911 712 1942 idem
732 1920 848 1941 sensus
868 1910 974 1940 subsit
996 1919 1002 1939 :
1027 1909 1060 1940 10
1083 1909 1190 1939 versui
1212 1906 1284 1947 552,

501 1997 556 2016 non
575 1992 692 2016 servata
714 1987 786 2014 fides
800 1987 903 2014 cineri
925 1985 1071 2022 promissa
1090 1985 1228 2019 Sychaeo.

252 2065 282 2095 in
314 2073 376 2104 quo
402 2061 545 2102 reperire
565 2063 632 2097 est,
658 2059 867 2099 simulatque
887 2058 1162 2099 objurgationem,
1186 2057 1314 2088 tacitam
1339 2056 1500 2097 quandam
1527 2056 1578 2087 sui
1603 2065 1740 2088 excusa-

253 2112 369 2143 tionem
390 2109 524 2149 (cineri.
547 2126 588 2131 ——
608 2107 654 2138 Cf.
678 2107 732 2146 IV,
747 2107 798 2144 34,
822 2107 932 2137 Annae
951 2106 1070 2136 dictum
1094 2114 1100 2135 :
1125 2104 1165 2135 Μ
1185 2105 1372 2136 cinerem...
1395 2104 1505 2135 credis
1528 2104 1678 2144 curare).

293 2159 328 2190 2⁰
346 2158 497 2190 versibus
516 2155 655 2187 596-597
677 2164 683 2185 :

503 2233 607 2261 Infelix
623 2232 711 2260 Dido!
732 2239 807 2260 nunc
825 2235 852 2259 te
869 2231 942 2258 sacta
962 2231 1051 2266 impia
1067 2233 1192 2266 tangunt
1211 2239 1216 2257 :

503 2280 565 2303 tum
582 2275 679 2302 decuit
699 2282 765 2302 cum
783 2278 898 2309 sceptra
918 2273 1020 2306 dabas,

256 2349 310 2381 ubi
342 2347 586 2380 subostenditur
618 2346 705 2377 illam
738 2348 885 2376 nontam
909 2345 1062 2386 peccati,
1096 2347 1129 2375 ut
1157 2344 1196 2375 ita
1219 2344 1340 2382 dicam,
1374 2342 1519 2375 moralis
1546 2343 1746 2375 conscientia

257 2396 426 2437 exagitari,
459 2404 551 2436 quam
591 2394 782 2425 erubescere
815 2393 900 2433 quod
933 2393 1040 2431 regiae
1071 2401 1148 2422 suae
1176 2392 1342 2430 dignitatis
1373 2391 1470 2422 fuerit
1496 2391 1607 2422 oblita.
1637 2391 1746 2422 Primo

258 2443 376 2485 culpa,
398 2443 597 2482 secundo‚—
620 2445 652 2473 et
672 2442 703 2472 in
724 2441 835 2472 eadem
856 2440 1070 2476 sententia,—
1092 2439 1328 2480 imprudentia
1349 2440 1549 2479 designatur.
1572 2438 1656 2470 Haec
1675 2447 1746 2469 cum

260 2492 315 2523 iila
347 2491 512 2530 cogitatio,
538 2499 719 2530 quanquam
750 2490 780 2519 in
806 2489 951 2519 oratione
975 2497 1138 2523 connexa,
1162 2497 1222 2517 nou
1251 2487 1378 2518 omniuo
1401 2489 1565 2520 consonat.
1590 2490 1684 2527 atque
1714 2486 1746 2517 in

259 2542 360 2570 totum
377 2538 566 2569 sententiam
589 2537 773 2576 respicienti
791 2536 919 2566 vitietur
933 2535 1015 2565 Dido
1037 2535 1138 2574 magis
1157 2534 1311 2565 contracti
1329 2544 1346 2564 a
1367 2544 1401 2565 se
1421 2533 1598 2565 dedecoris
1614 2533 1748 2574 pudore

259 2596 353 2628 quam
375 2586 534 2616 admissae
555 2584 676 2625 culpae
695 2583 910 2624 poenitentia
927 2583 1024 2614 affici.

302 2633 462 2671 Quantum
487 2642 569 2663 nunc
601 2632 715 2663 attinet
743 2631 781 2662 ad
810 2640 938 2661 sensum
967 2630 1137 2661 verborum
1160 2643 1173 2656 ιι
1198 2630 1280 2660 sacta
1303 2629 1399 2668 impia
1421 2642 1449 2665 n,
1472 2629 1511 2660 de
1533 2629 1651 2669 quibus
1671 2638 1749 2660 con-

260 2681 418 2713 troversia
444 2684 509 2717 est,
532 2689 635 2720 neque
665 2688 725 2719 ego
754 2680 847 2718 plane
878 2678 1041 2718 plerisquu¹
1063 2677 1370 2709 commentatoribus
1391 2676 1562 2716 suffragor,
1588 2690 1602 2704 u
1625 2677 1710 2708 facta
1732 2689 1748 2705 »

260 2729 329 2760 sola
353 2742 366 2755 ιι
390 2728 520 2758 Aeneae
543 2740 557 2755 υ
579 2726 855 2767 intellegentibus,
877 2735 981 2765 neque
1002 2729 1106 2756 tamen
1129 2725 1230 2765 probo
1253 2724 1280 2755 J.
1304 2724 1426 2761 Hexar,
1443 2737 1457 2751 «
1476 2724 1557 2754 sacta
1575 2723 1711 2754 Didonis
1733 2735 1748 2751 »

262 2776 357 2806 unius
375 2778 548 2815 putantem.
573 2775 634 2805 Sed
666 2778 834 2813 utrumque
857 2782 984 2803 sensum
1007 2773 1119 2802 iisd-vin
1144 2772 1251 2802 verbis
1274 2771 1394 2802 includi
1413 2780 1548 2809 censeo,
1569 2771 1614 2801 sic
1637 2780 1749 2811 nempe

261 2831 440 2853 enarrans:
458 2836 472 2849 ιι
495 2822 585 2852 Nunc
606 2826 635 2852 te
655 2822 754 2861 facta
776 2821 884 2860 impia
901 2820 1106 2859 ¹'generaliter
1127 2820 1246 2849 ‹lii-tum
1271 2829 1277 2849 z
1299 2818 1472 2859 I'impie'le',
1495 2816 1528 2848 la
1551 2817 1747 2858 de'loyaule',

262 2869 292 2902 le
311 2870 427 2908 crime)
449 2873 594 2909 tangunt,
617 2879 686 2899 cum
706 2878 780 2906 erga
802 2871 831 2898 te
850 2869 974 2898 Aeneas
996 2867 1098 2907 impie
1119 2869 1202 2904 ugit:
1225 2876 1295 2896 vum
1315 2875 1391 2896 vero
1412 2869 1444 2896 tu
1466 2866 1535 2905 ipsa
1556 2868 1586 2896 te
1606 2865 1748 2906 impiam

262 2926 338 2957 erga
365 2916 546 2956 Sychaeum
567 2917 769 2956 praestabas,
792 2915 900 2947 decuit
928 2915 1118 2957 impietatis
1140 2918 1170 2945 ct
1187 2914 1334 2956 pietatis
1354 2922 1425 2946 csse
1449 2921 1638 2956 memorem,
1668 2911 1749 2945 hanc

263 2965 367 3008 sequi,
385 2964 471 2997 illam
491 2964 633 2996 horrere.
659 2976 673 2992 »
