1889 3319
209 211 262 252 14
812 225 912 253 PARS
945 224 1082 254 Pmon.

208 339 321 389 huit,
351 338 475 396 quod
502 338 633 381 valde
662 338 793 381 dulce
822 339 1005 382 Graecis
1033 342 1169 392 esset,
1198 354 1250 381 ex
1277 353 1366 395 quo
1394 352 1502 380 sana
1528 337 1692 380 delica-

208 414 341 467 taque
370 409 592 452 bonarum
621 410 784 451 artium
813 410 1081 452 existimatio
1103 409 1225 467 apud
1253 424 1327 451 eos
1356 409 1504 466 coepit
1524 408 1692 451 'hebes-

203 496 305 523 cere
337 495 345 524 :
377 485 584 538 paratam
612 481 783 523 scilicet
809 481 1093 523 ofcasionem
1121 480 1415 523 ostentandae
1456 479 1692 522 rhetorum

210 555 254 594 et
280 552 584 609 sophistarum
613 553 713 594 arti.

268 623 375 665 Tale
404 623 521 664 enim
568 623 779 665 ultimum
814 623 897 665 fuit
934 623 1051 664 inter
1086 622 1228 665 multa
1267 622 1453 665 Medeae
1495 621 1695 664 facinora

211 695 374 745 scelus,
397 698 445 736 ut
466 694 801 736 controversiae
822 695 972 736 locum
1002 694 1184 736 offerret
1213 708 1221 737 ε
1252 708 1417 751 nempe
1445 693 1696 735 liberorum

211 765 269 807 ab
315 765 393 807 illa
436 768 720 822 perpetrata,
770 765 829 807 ad
868 764 1141 823 repetendas
1180 780 1205 807 a
1248 764 1480 822 proditore
1530 762 1696 806 Jasone

210 850 404 894 poenas,
441 835 603 878 caedes
633 850 641 879 :
676 835 953 878 exsecrabile
987 836 1121 879 simul
1157 839 1292 893 atque
1320 834 1577 877 excusabile
1605 834 1716 886 fac--

211 912 324 950 tum.
358 907 491 960 Quod
523 911 674 949 autem
709 907 804 963 jam
845 908 904 950 ab
938 907 1156 965 Euripide
1176 908 1185 928 ¹
1209 911 1252 949 et
1277 906 1552 964 Neophrone
1579 910 1699 948 trac-

212 982 373 1031 tatum,
418 978 549 1020 multi
586 978 790 1036 profecto
829 979 906 1021 alii
942 982 1104 1036 poetae
1140 978 1386 1036 repetiere3
1427 978 1545 1019 inter
1586 990 1700 1034 quos

215 1049 447 1102 Carcinus,
478 1063 566 1091 non
601 1049 662 1091 ita
690 1053 842 1091 tamen
872 1053 922 1092 ut
948 1049 1214 1107 Euripidem
1241 1049 1456 1101 vinceret,
1483 1062 1588 1089 nam
1620 1047 1702 1089 hu-

210 1120 302 1176 jus,
333 1135 422 1162 non
446 1120 584 1173 illius,
615 1119 821 1163 Medeam
849 1120 1137 1163 recordatum
1158 1120 1297 1162 fuisse
1324 1119 1701 1161 litteratissimum

215 1205 443 1249 quemque
495 1189 760 1233 Latinorum
811 1191 1172 1249 c01nperimus²;
1213 1189 1559 1248 Euripidisque,
1611 1204 1702 1232 non

215 1261 391 1305 Carcini
418 1261 626 1304 Medeam
652 1262 822 1305 Ennius
848 1263 894 1304 in
921 1262 1109 1304 latinam
1132 1262 1336 1317 linguam
1362 1260 1699 1303 transtulerat³.

217 1332 395 1376 Carcini
426 1333 565 1388 igitur
591 1332 797 1375 Medeam
831 1333 1061 1389 Vergilius
1094 1334 1324 1389 ignorare,
1368 1335 1444 1374 aut
1484 1331 1520 1374 si
1559 1332 1698 1384 novit,

215 1403 391 1446 nullum
431 1419 483 1446 ex
522 1418 576 1446 ea
613 1403 812 1446 fructum
853 1419 1017 1462 capere
1062 1403 1224 1462 potuit.
1274 1404 1388 1445 Nam
1434 1403 1478 1445 in
1522 1401 1702 1445 Jasonis

215 1489 462 1532 puerorum
491 1475 816 1518 committenda
841 1490 967 1529 nece,
997 1490 1174 1517 necnon
1215 1479 1259 1517 et
1293 1475 1336 1516 in
1371 1474 1501 1516 docta
1546 1473 1704 1516 facun-

217 1546 367 1604 daque
416 1546 481 1588 rei
538 1547 825 1589 excusatione
884 1546 1147 1603 tragoediae
1199 1560 1423 1588 summam
1476 1549 1702 1587 versatam

215 1618 353 1661 fuisse
395 1618 639 1660 verisimile
679 1622 759 1660 est.
803 1617 960 1676 Neque
1000 1618 1128 1661 istius
1164 1617 1427 1674 tragoediae
1464 1630 1705 1671 argumen-

219 1692 328 1741 tum,
365 1703 512 1746 neque
547 1703 600 1731 ea
636 1688 861 1731 rhetorica
899 1693 943 1731 et
976 1689 1224 1747 sophistica
1260 1688 1374 1730 ratio
1415 1702 1504 1745 qua
1545 1690 1705 1728 tracta-

217 1764 314 1802 tum
341 1759 428 1802 hoc
455 1764 775 1816 argumentum
814 1760 942 1813 suit&
979 1759 1167 1815 Vergilii
1201 1759 1437 1818 proposito
1464 1758 1536 1800 vel
1563 1756 1705 1799 indoli

219 1831 561 1874 accommodata
589 1835 730 1873 erant.

278 1902 418 1945 Multo
445 1918 552 1945 vero
581 1917 711 1945 secus
738 1902 794 1944 de
824 1903 902 1945 illa
931 1902 1168 1961 Sophoclis
1195 1901 1433 1958 tragoedia
1465 1900 1706 1956 conjicien-

219 1974 328 2017 dum
356 1977 423 2016 est
451 1975 522 2017 cui
551 1989 716 2017 nomen
747 1973 976 2018 Colchides
1002 1974 1140 2017 fuisse
1169 1974 1352 2016 scimus.

262 2116 288 2146 1.
308 2115 508 2146 Neoruaoxis
541 2115 683 2153 Medeae⁷
709 2135 744 2138 —
763 2117 830 2148 sive
853 2117 959 2157 Euripi
976 2117 1034 2147 lem
1057 2116 1109 2146 ille
1133 2116 1272 2146 imitatus
1294 2117 1372 2145 erut.
1397 2114 1464 2143 six-e
1486 2116 1598 2144 contra
1619 2113 1706 2143 illius

219 2173 300 2203 opus
321 2163 492 2202 Euripides
516 2164 716 2195 emendando
744 2165 930 2196 retractavit
951 2164 1048 2204 (quod
1070 2163 1135 2193 veri
1166 2162 1315 2201 similius)
1342 2180 1381 2184 -
1403 2171 1463 2192 non
1489 2160 1574 2190 aliud
1607 2160 1706 2190 fuisse

219 2214 440 2251 argumentum
458 2214 591 2250 apparet
611 2220 704 2251 quam
727 2212 890 2252 Euripidis
911 2212 965 2250 (cf.
986 2211 1142 2249 mesa,
1160 2220 1191 2250 p.
1206 2209 1320 2242 20-21:
1338 2209 1480 2247 Knsza,
1497 2218 1527 2248 p.
1544 2206 1704 2245 304-316;

221 2258 346 2294 Cnmsw,
369 2267 399 2297 p.
422 2257 500 2289 210:
521 2257 651 2297 Jevoxs,
675 2269 704 2298 p.
724 2259 808 2299 219).

260 2306 291 2337 2.
317 2305 426 2342 me,
449 2308 470 2335 t.
492 2305 542 2342 ΙΙΙ,
565 2315 596 2346 p.
618 2306 687 2345 155,
708 2307 905 2343 Ciceronem,
926 2307 1071 2344 Brutum,
1093 2305 1261 2341 Catullum,
1284 2303 1460 2344 Vergilium
1482 2305 1598 2343 (neque
1617 2302 1707 2332 illum

220 2353 252 2383 in
272 2352 415 2383 Aeneide
433 2354 662 2391 tantummodo,
683 2355 739 2385 sed
758 2358 789 2386 et
808 2356 839 2385 in
860 2355 971 2386 Bucoi.
995 2364 1060 2393 vui,
1080 2353 1130 2393 47)
1153 2351 1345 2392 Euripideac
1367 2351 1498 2382 Medeae
1523 2350 1706 2381 meminisse

219 2399 456 2430 animadvertit.

261 2446 292 2478 3.
316 2446 461 2481 Rmaecx.
485 2447 517 2478 (l.
540 2451 624 2480 ro‘m.
651 2449 761 2490 Tray„
785 2459 814 2490 p.
840 2448 993 2480 149-157.

262 2494 292 2524 4.
316 2493 362 2526 Cf.
379 2494 418 2524 de
441 2494 567 2525 Cfflcixi
588 2496 705 2527 Medea
727 2497 848 2535 Musa,
869 2496 1038 2534 Rhet.,11,
1054 2495 1110 2534 23;
1131 2495 1170 2526 de
1191 2494 1400 2525 Axrmoxns
1417 2492 1548 2527 Medea,
1564 2492 1703 2522 Rusca.

221 2551 273 2582 op.
297 2542 364 2579 cit.‚
387 2551 417 2581 p.
440 2541 520 2579 <3043
542 2543 646 2583 deque
666 2545 815 2574 omnibus
836 2544 887 2575 his
907 2544 1100 2575 Graecorum
1123 2545 1195 2583 post
1217 2541 1400 2581 Euripidem
1422 2539 1609 2580 tragoediis,
1625 2547 1706 2578 quae

221 2589 253 2619 in
275 2589 430 2629 quaedam
447 2589 644 2628 judiciorum
666 2592 838 2622 certamina
866 2592 1089 2631 oratori-<isque
1117 2589 1356 2621 controversias
1380 2587 1567 2627 plerumque
1588 2586 1706 2617 exiisse

220 2635 384 2673 videntur,
413 2636 521 2673 Paris,
541 2639 562 2666 t.
584 2637 606 2673 Ι,
633 2647 664 2677 p.
683 2637 723 2668 99
744 2648 827 2678 sqq„
851 2642 872 2671 t.
891 2639 944 2675 Ill,
968 2649 999 2678 p.
1023 2637 1178 2675 154-1553
1201 2636 1326 2666 KAYSER
1341 2644 1347 2672 ;
1364 2635 1493 2675 passim
1508 2645 1518 2666 :
1540 2633 1571 2665 F.
1596 2633 1706 2663 Bmox

219 2683 354 2720 ιΙῐενολέ,
377 2683 465 2714 Hist.
495 2684 537 2723 of
560 2683 662 2725 φέελ·
691 2685 900 2724 Literalme,
928 2696 957 2726 p.
986 2684 1137 2717 233-235.
1168 2702 1207 2707 —
1236 2683 1290 2713 Illa
1322 2682 1455 2713 Medeae
1481 2681 1601 2712 liberos
1630 2689 1706 2710 suos

216 2730 347 2770 jamjam
364 2734 536 2762 necaturae
557 2735 587 2762 et
608 2742 715 2763 secum
739 2733 949 2764 deliberantis
967 2734 1081 2769 oratio,
1102 2746 1116 2760 «
1136 2732 1226 2763 locus
1246 2744 1259 2758 »ι
1281 2730 1349 2760 sine
1366 2730 1465 2759 dubio
1486 2731 1559 2769 post
1579 2727 1706 2767 Euripi-

220 2777 292 2808 dem
311 2777 412 2808 factus
431 2781 480 2808 est
500 2781 551 2819 qui
575 2789 592 2809 a
610 2781 714 2819 poetis
734 2782 886 2812 omnibus
903 2784 1071 2812 tereretur.
1095 2779 1143 2810 Cf.
1164 2778 1359 2810 Callirrhoes
1379 2777 1479 2807 verba
1498 2777 1530 2806 in
1553 2775 1706 2807 Chaerea

220 2826 253 2855 el
275 2823 467 2856 Callirrhoe
488 2825 676 2857 Cmmroxis
703 2828 958 2859 Araaooislssxsis
985 2828 1018 2866 (Ι.
1042 2827 1079 2865 11,
1105 2827 1154 2857 ch.
1179 2835 1245 2863 mx,
1275 2824 1404 2856 Erotici
1432 2824 1627 2864 scriptores,
1652 2821 1704 2853 ed.

221 2872 382 2909 Hlnscmo,
406 2883 436 2913 p.
469 2872 536 2913 437)
559 2883 566 2904 ε
594 2887 608 2901 «
630 2872 776 2921 Bam-5227]
804 2878 1070 2914 τεκνοκτονῆσαι,
1095 2880 1211 2907 πασῶν
1241 2871 1455 2911 ὰσεὸεστάτη,
1476 2871 1534 2903 καὶ
1560 2868 1704 2909 Μηδείας

221 2918 397 2959 ismenian
426 2918 665 2961 λογισμούς.
696 2934 709 2947 >1
