1889 3319
699 224 827 254 CAPUT
862 226 1088 255 SECUNDUM.
1580 208 1635 250 35

344 340 407 377 καί
425 353 487 376 κεν
511 341 547 377 ἐν
571 338 708 391 ”Amet
730 341 836 378 ἐοῦσα
856 345 943 394 πρὸς
963 341 1080 391 ἄλλης
1099 343 1199 380 ἱστὸν
1222 342 1380 394 islo-Letoa:

346 403 408 442 καί
426 419 488 442 κεν
511 404 604 458 ὕδωρ
629 404 768 459 φορέοις
790 405 998 456 Μεσσηΐδος
1022 406 1044 456 ἦ
1075 407 1290 458 ’Υπερεί-τ,;,

344 470 451 508 πόλλ’
474 467 727 521 ἀεκαζομένη,
753 472 915 524 κρατερὴ
940 471 1162 510 δ’ἐπικείσετ’
1187 470 1371 521 ὰνάγκη1.

219 593 366 646 Quam
396 593 602 652 profecto
639 596 956 638 necessitatem
989 596 1302 652 Vergilianam
1335 609 1515 652 quoque
1549 594 1639 636 An-

160 664 471 717 dromacham,
504 665 612 708 dum
640 680 771 709 serva
802 666 1088 724 Neoptolemi
1124 667 1222 720 fuit,
1255 666 1447 708 subiisse
1484 664 1640 706 verisi-

159 735 266 779 mile
294 739 388 789 est;
414 751 564 794 neque
582 740 734 779 tamen
756 737 948 780 subiisse
971 738 1110 784 dicas,
1133 752 1233 779 cum
1252 752 1342 779 non
1367 736 1472 778 inde
1498 735 1639 777 ullam

161 807 386 850 maculam
414 810 490 850 aut
523 809 654 866 quasi
688 809 889 851 muneris
926 809 1153 851 ancillaris
1192 812 1344 850 notam
1386 806 1635 849 retinuerit.

221 878 346 931 Quae
374 878 557 936 quidem
587 880 780 922 Ascanio
807 879 937 922 offert

573 1010 786 1051 picturatas
808 1018 899 1042 auro
921 1011 1142 1043 subtemine
1163 1013 1291 1042 vestes

490 1065 535 1096 Et
558 1062 761 1104 Phrygiam
784 1063 1068 1104 chlamydem...

531 1116 830 1158 Textilibusque
848 1121 982 1149 onerat
1005 1117 1159 1149 (ionis...

162 1248 182 1270 «
218 1245 440 1273 manuum
483 1245 671 1273 szcarmn
713 1236 1021 1274 monumenta.
1061 1250 1080 1270 »
1132 1230 1343 1273 Linteum
1393 1243 1499 1270 vero
1550 1242 1640 1270 non

157 1302 257 1360 ipsa
283 1302 464 1351 texisse,
487 1301 568 1344 sed
596 1320 616 1341 «
641 1317 751 1345 auro
776 1321 795 1341 »
822 1302 1137 1344 tantummodo
1167 1320 1185 1339 a<
1210 1301 1407 1359 pinxisse
1433 1318 1452 1338 ›>
1479 1303 1641 1357 putare

158 1372 304 1415 volo².
330 1372 429 1414 Non
450 1373 488 1415 is
516 1374 635 1415 enim
663 1373 763 1429 ejus
790 1373 972 1415 habitus
1001 1377 1082 1424 est.v
1105 1373 1235 1428 cujus
1262 1385 1421 1413 manus
1450 1369 1640 1412 solidam

158 1444 490 1502 vulgaremque
518 1444 667 1486 colum
696 1458 878 1486 versare
897 1445 1067 1496 valeat3
1094 1444 1199 1485 satis
1221 1446 1288 1486 est
1309 1443 1345 1484 si
1364 1441 1643 1497 elegantiora

159 1515 458 1572 tenuioraque
486 1515 706 1573 opuscula
732 1514 961 1557 interdum
987 1518 1164 1566 tractet,
1195 1527 1389 1572 quorum
1415 1513 1460 1554 in
1487 1511 1642 1553 oblec-

158 1586 329 1628 tatione
367 1586 677 1629 Romanarum
717 1586 907 1642 Vergilii
949 1586 1208 1644 aequalium
1235 1589 1544 1626 matronarum
1570 1583 1642 1625 vel

160 1655 508 1701 delicatissimae
543 1671 810 1699 consumere
845 1657 1012 1698 inertes
1046 1656 1182 1698 horas
1217 1654 1468 1697 solebant³.
1511 1652 1640 1696 Adeo

159 1741 251 1769 non
284 1727 332 1769 in
368 1727 571 1770 Aeneide
598 1729 853 1786 reperimus
888 1727 1141 1785 simplicem
1166 1726 1291 1768 illam
1319 1728 1363 1767 et
1387 1725 1481 1767 fere
1510 1724 1642 1767 rusti-

161 1813 259 1841 cam
293 1798 496 1842 Eetionis
517 1799 673 1852 filiam,
705 1799 834 1855 cujus
855 1799 1017 1841 fratres
1052 1816 1072 1837 «
1114 1796 1402 1852 tardigrados
1436 1795 1576 1837 boves
1618 1813 1637 1833 »

160 1869 491 1924 custodiebant,
524 1871 598 1913 vel
637 1871 774 1913 etiam
801 1870 1056 1912 modestam
1081 1869 1207 1911 illam
1235 1866 1638 1918 matremfamilias,

160 1956 298 2000 quam
324 1945 427 1984 ante
455 1942 723 2000 Euripidem
750 1941 973 1984 Homerus
1003 1954 1183 1998 semper
1209 1943 1435 1994 agentem,
1467 1937 1642 1979 domes-

159 2014 351 2072 ticisque
392 2014 511 2056 curis
546 2015 784 2067 intentam,
827 2014 1038 2070 intraque
1077 2012 1274 2070 parietes
1313 2012 1638 2061 remanentem,

158 2085 356 2141 ingenue
402 2085 593 2138 effinxit7
631 2111 687 2116 —-—
730 2089 779 2127 ut
823 2089 979 2127 contra
1023 2083 1228 2138 reginam
1275 2095 1380 2122 vere
1431 2095 1476 2122 se
1524 2095 1642 2121 nunc

159 2155 481 2199 Andromacha
506 2159 720 2215 praestet,
751 2156 1020 2213 regiumque
1048 2153 1267 2212 quiddam
1301 2156 1343 2194 et
1377 2151 1560 2194 habitus
1600 2154 1643 2192 et

160 2227 303 2270 verba
337 2227 574 2272 redoleant
595 2228 624 2271 ²⁴.
664 2227 813 2270 Efficit
843 2231 994 2269 autem
1026 2226 1133 2279 hoc,
1164 2226 1211 2267 ni
1242 2224 1390 2276 fallor,
1421 2227 1517 2265 tum
1549 2222 1641 2264 dis-

202 2357 231 2388 1.
253 2355 295 2389 Il.
316 2356 371 2394 Vl,
394 2356 465 2395 454,
487 2354 561 2388 465.

201 2404 233 2436 2.
258 2404 408 2435 Wmmz
437 2404 502 2445 (ed.
531 2405 621 2444 min.)
648 2403 732 2443 apud
755 2403 924 2440 Foassmssa,
946 2412 977 2442 p.
1008 2402 1081 2441 386,
1104 2416 1117 2429 «
1141 2401 1263 2432 textilia
1286 2413 1300 2427 »
1325 2403 1444 2431 tantum
1476 2414 1489 2427 «ι
1521 2399 1605 2429 dona
1628 2410 1642 2423 »ν

160 2461 309 2483 manuum
330 2451 566 2483 Andromachis
586 2454 789 2481 monumenta
808 2459 878 2481 esse
899 2452 1019 2481 censet.
1044 2462 1057 2477 ι(
1086 2449 1217 2479 Praeter
1244 2448 1415 2488 pretiosam
1443 2448 1527 2477 iliani
1556 2446 1641 2476 chla-

161 2500 287 2541 mydem
305 2509 345 2531 ex
365 2500 507 2540 antiquis
526 2499 680 2539 operibus
707 2501 883 2537 sumptam!
906 2497 999 2528 offert
1021 2497 1097 2527 haec
1117 2505 1242 2536 quoque
1264 2495 1347 2525 dona
1371 2495 1510 2529 textilia,
1533 2502 1589 2534 per
1609 2501 1643 2522 se

161 2547 291 2588 quidem
310 2546 375 2577 illis
393 2546 519 2585 viliora,
541 2545 597 2576 sed
622 2545 725 2585 ipsius
744 2544 910 2584 largientis
933 2553 1026 2574 manu
1044 2544 1135 2573 sacta,
1156 2556 1169 2569 >1
1191 2543 1384 2585 interpretor
1401 2544 1533 2580 egomet,
1551 2539 1641 2580 quasi

161 2594 386 2625 Andromacha
406 2594 518 2624 dicens
542 2603 548 2623 :
571 2606 585 2620 «
611 2592 731 2632 Accipe
752 2594 783 2622 el
806 2592 923 2623 haec...
944 2604 977 2628 υ,
1000 2591 1105 2621 onmia
1125 2591 1209 2620 dona
1225 2599 1277 2619 vv.
1302 2588 1443 2619 483-485
1462 2589 1644 2618 enumerata

163 2651 234 2673 cum
253 2641 582 2681 magnificentioribus
601 2639 710 2670 Heleni
727 2639 914 2669 muneribus
932 2641 1105 2678 comparet.
1127 2636 1173 2668 Cf.
1195 2637 1277 2667 infra
1297 2636 1457 2676 quomodo
1472 2635 1642 2674 explanan-

163 2689 239 2720 dum
257 2688 334 2719 mihi
355 2688 501 2719 videatur
520 2697 527 2718 t
551 2701 564 2715 «
588 2696 645 2717 nec
670 2685 756 2717 cedit
777 2686 910 2716 honore.
938 2698 952 2710 v·

204 2735 234 2767 3.
258 2735 304 2768 Cf.
328 2735 475 2774 Summa,
499 2735 629 2771 Oetam,
659 2744 730 2764 inv
761 2736 791 2763 et
818 2732 959 2770 Tiar-Lu,
982 2732 1004 2771 I,
1031 2731 1061 2769 3,
1089 2731 1129 2761 85
1151 2731 1235 2771 apud
1258 2731 1503 2765 FauanAExnssn,
1522 2729 1645 2760 Moeurs

163 2783 346 2821 romaines,
369 2783 463 2814 trad.
484 2783 546 2823 fr.‚
568 2782 591 2819 Ι,
614 2791 644 2821 p.
666 2780 738 2812 346.

206 2830 235 2861 4.
261 2830 294 2861 ln
314 2831 399 2862 Aen.
422 2830 459 2869 Il,
482 2840 512 2861 v.
535 2829 607 2866 456,
629 2829 718 2869 quasi
749 2828 862 2858 mirum
886 2830 916 2858 et
939 2827 1063 2867 insigne
1093 2829 1199 2856 narrat
1228 2826 1364 2858 Aeneas.
1387 2824 1644 2855 Andromacham

165 2877 207 2908 ad
226 2887 357 2909 soceros
377 2880 408 2908 et
427 2887 521 2909 avum
542 2878 766 2917 Astyanactem
795 2875 986 2915 perduxisse
1008 2887 1022 2901 «
1051 2873 1275 2904 incomitatam.
1300 2885 1314 2899 »
1343 2873 1374 2902 ln
1397 2882 1489 2903 versu
1518 2871 1588 2909 484,
1618 2873 1644 2902 si

166 2924 260 2956 lectio
280 2926 373 2966 (quae
392 2925 519 2966 quidem
535 2925 724 2965 optimorum
746 2922 1034 2962 manuscriptorum
1053 2921 1113 2959 est)
1137 2929 1142 2949 :
1175 2934 1188 2947 ιι
1212 2929 1269 2951 nec
1303 2920 1387 2951 cedit
1414 2919 1537 2950 honori
1555 2931 1570 2947 »
1590 2919 1645 2949 ad-
