1889 3319
686 218 813 247 CAPUT
848 216 1023 246 SEXTL'M.
1518 199 1599 240 145

109 335 240 379 nobis
288 334 377 392 ipsi
419 333 646 389 fingamus
701 333 968 376 Latinorum
1018 331 1139 388 regis
1185 329 1324 372 filiam
1382 327 1598 371 Camillae

108 407 252 449 instar
294 404 586 456 militantem,
642 404 705 445 ita
754 407 803 445 ut
855 406 897 446 et
948 403 1134 458 Trojani
1186 402 1364 443 futurae
1415 399 1599 455 reginae

112 491 235 531 suae,
267 479 311 518 et
336 476 512 517 Aeneas
541 489 750 532 sponsae,
778 474 1091 516 f‹‘›rtitudinem
1121 474 1412 530 stupeant...
1441 471 1600 513 Nonne

110 562 217 591 vero
257 547 294 589 si
330 550 422 588 tres
468 545 591 587 haud
625 545 858 587 dissimilis
891 545 1055 587 indolis
1091 544 1285 586 feminae
1318 568 1375 574 —
1417 542 1603 599 (Amata

112 619 305 672 scilicet,
349 616 538 660 Camilla
578 615 880 674 Laviniaque)
909 643 966 648 -
1005 617 1050 658 in
1091 630 1180 657 uno
1220 618 1263 657 et
1291 613 1452 656 eodem
1490 627 1602 671 poe-

111 694 231 734 mate
258 688 393 732 simul
420 688 707 732 exstitissent.
740 689 993 746 periculum
1029 688 1230 729 futurum
1265 686 1428 727 fuitne
1468 684 1602 726 nimis

112 761 280 805 multae
317 759 581 802 viderentur
617 763 826 802 strenuae
866 760 977 802 istae
1015 762 1058 801 et
1094 758 1224 816 quasi
1260 755 1490 799 masculae
1526 755 1604 797 he-

115 832 301 876 roides‘?

175 902 350 946 Deinde
377 901 612 944 Laviniam
635 902 680 943 in
708 902 828 944 hunc
855 901 1042 944 modum
1070 901 1363 958 descriptam,
1382 897 1533 940 vivido
1562 901 1606 940 et

111 974 333 1033 pertinaci
372 973 416 1015 in
453 973 650 1015 Teucros
687 988 936 1030 eorumque
978 987 1149 1028 regem,
1192 972 1394 1013 futurum
1436 969 1606 1011 scilicet

113 1045 374 1101 conjugem,
406 1043 509 1086 odio
546 1043 741 1099 flagrare-
781 1045 874 1086 sine
904 1043 1044 1085 dubio
1072 1057 1159 1085 non
1189 1042 1443 1084 licuisset...
1480 1040 1606 1082 Tunc

112 1131 221 1159 vero
249 1116 312 1158 sic
337 1115 560 1170 mitigata,
581 1114 691 1172 quid
720 1115 843 1157 aliud
863 1114 1118 1170 legentibus
1147 1113 1450 1171 praebuisset,
1469 1125 1605 1168 quam

118 1189 398 1230 attenuatam
440 1184 656 1228 Camillae
709 1186 1030 1236 imitationem,
1086 1185 1157 1227 vel
1201 1183 1333 1241 quasi
1376 1182 1607 1240 duplicem

114 1257 450 1313 redintegratae
478 1256 666 1298 Amatae
697 1257 963 1312 imaginem,
996 1255 1263 1298 additicium
1299 1253 1470 1296 scilicet
1497 1267 1607 1310 poe-

115 1329 225 1371 mati
252 1341 736 1386 supervacaneumque
763 1326 1175 1385 impedimentum?

173 1400 265 1442 Aut
303 1399 340 1441 si
379 1398 693 1441 vehementius
735 1414 834 1441 eam
872 1399 918 1440 111
951 1398 1172 1454 Trojanos
1205 1395 1360 1439 odium
1398 1408 1607 1437 exercere

116 1485 280 1530 passus
321 1473 440 1513 esset
478 1473 628 1528 poeta,
672 1474 823 1512 tamen
868 1470 1028 1512 fuisset
1062 1483 1246 1511 necesse
1299 1466 1453 1509 odium
1494 1464 1608 1507 illud

117 1543 233 1599 ejus,
253 1542 338 1584 sub
364 1541 501 1584 finem
527 1543 767 1600 poematis.
794 1542 939 1583 subita
973 1541 1102 1599 quasi
1131 1537 1610 1589 conversioneffolen-

119 1614 241 1657 tibus
278 1613 372 1655 Diis
413 1617 456 1655 et
488 1614 746 1671 postulante
788 1613 992 1666 historia,
1028 1612 1279 1670 placari...
1304 1610 1430 1652 Tunc
1471 1609 1610 1663 igitur

119 1684 398 1743 amplificata
421 1684 501 1727 illa
528 1688 571 1726 et
598 1685 728 1742 quasi
763 1684 1061 1742 superfluenti
1094 1682 1300 1735 Lavinia,
1331 1679 1609 1738 completum

117 1761 162 1800 et
212 1756 497 1799 obstructum
540 1771 725 1815 poema⁷
770 1757 816 1799 in
868 1756 1111 1815 postremis
1150 1754 1299 1807 libris,
1340 1752 1515 1803 fuisset,
1554 1776 1611 1782 —-

115 1828 272 1871 Aenea
310 1827 497 1880 scilicet,
530 1832 574 1870 et
600 1828 768 1880 Turno,
809 1828 1091 1886 reliquisque
1130 1826 1239 1868 viris
1284 1823 1342 1867 ad
1377 1821 1610 1881 quandam

116 1899 326 1942 inertiam
352 1902 396 1942 et
423 1899 748 1943 obscuritatem
776 1900 988 1951 redactis,
1010 1900 1074 1941 ita
1095 1901 1142 1940 ut
1162 1898 1208 1939 in
1232 1899 1432 1939 extrema
1448 1893 1611 1936 Aenei-

117 1970 188 2013 dis
215 1974 344 2029 parte
370 1969 587 2013 Laviniae
622 1971 774 2029 potius
808 1985 945 2029 quam
971 1971 1153 2013 Aeneae
1187 1970 1419 2010 narratum
1450 1965 1612 2007 fuisset

120 2055 247 2100 epos

177 2112 239 2156 At
265 2113 386 2156 enim
412 2127 501 2155 non
529 2113 690 2156 saltem
720 2113 869 2171 potuit
896 2113 1023 2169 regia
1058 2112 1186 2167 virgo
1224 2109 1372 2152 minus
1407 2107 1610 2163 frigere?

119 2183 368 2242 Numquid,
399 2185 585 2227 mutatis
614 2184 858 2237 mutandis,
902 2184 1133 2226 Didoneae
1180 2182 1391 2223 flammae
1439 2179 1609 2221 referre

118 2255 300 2314 potuit?

122 2397 137 2412 «
163 2384 327 2416 heroidem
359 2398 374 2412 υ
402 2385 574 2425 quandam,
605 2386 721 2426 gallico
748 2385 836 2416 verbi
878 2395 987 2425 sensu,
1029 2384 1128 2415 fuisse
1160 2383 1337 2414 Laviniam.
1379 2381 1490 2412 Livius
1527 2379 1611 2410 enim

121 2432 164 2462 ita
186 2443 192 2463 :
216 2445 230 2459 «
255 2432 402 2463 Nondum
423 2435 566 2463 maturus
592 2434 725 2474 imperio
756 2433 914 2463 Ascanius
936 2432 1062 2463 Aeneae
1085 2432 1170 2462 filius
1190 2433 1281 2468 erat;
1311 2433 1414 2461 tamen
1438 2428 1471 2458 id
1499 2427 1606 2467 impe-

120 2480 202 2510 rium
221 2479 249 2510 ei
271 2479 312 2510 ad
333 2480 485 2520 puberem
506 2484 641 2511 aetatem
660 2481 817 2511 incolume
838 2481 973 2518 mansit3
993 2480 1150 2519 tantisper
1172 2478 1271 2509 tutela
1288 2476 1435 2508 muliebri
1458 2493 1496 2497 -
1511 2476 1612 2505 tanta

118 2526 253 2558 indoles
274 2527 309 2557 in
336 2527 481 2559 Lavinia
501 2527 602 2559 erat!
621 2546 661 2550 —
681 2538 732 2558 res
756 2528 866 2558 Latina
895 2530 926 2558 et
952 2536 1084 2567 regnum
1107 2527 1225 2557 avitum
1248 2528 1480 2565 paternumque
1512 2530 1612 2562 puero

121 2574 232 2605 stetit.
257 2587 270 2602 >ι
292 2592 332 2596 -
347 2573 384 2605 30
406 2575 498 2605 Adde
517 2575 578 2606 huc
599 2575 800 2613 Ovidianam,
816 2584 911 2614 quam
932 2584 1034 2614 supra
1053 2573 1298 2604 memoravimus
1319 2571 1457 2602 fabulam
1472 2571 1517 2610 (p.
1542 2568 1612 2606 101,

121 2627 159 2652 n0
179 2621 210 2662 4)
223 2622 327 2662 (quam
351 2623 478 2662 quidem
499 2626 602 2654 utrum
619 2623 852 2659 excogitaverit
867 2622 1011 2660 Ox'imrs,
1028 2631 1067 2653 an
1084 2622 1122 2652 ali
1139 2620 1280 2660 antiquis
1299 2618 1470 2658 receperit,
1486 2626 1547 2646 1101]
1565 2626 1613 2646 sa-

123 2669 290 2708 tisliquere
313 2669 437 2709 fateor).
454 2670 585 2701 Lavinia
608 2671 637 2700 in
656 2680 691 2701 ea
717 2670 808 2700 11111115
830 2671 1022 2707 ostenditur,
1047 2678 1125 2699 uxor
1146 2678 1260 2707 aspera
1275 2670 1306 2697 et
1325 2666 1446 2706 gravis,
1469 2665 1613 2704 adeoque

124 2716 162 2746 ad
184 2716 399 2755 suspicionem
422 2727 533 2757 prona.
552 2720 584 2748 111
606 2718 770 2748 maleficiis
791 2721 821 2748 1-1
843 2718 1023 2748 maledictis
1045 2716 1249 2755 vi‹:›lentoque
1267 2714 1341 2744 01110
1356 2713 1479 2743 Annam
1502 2711 1612 2750 hospi—

124 2766 220 2793 tamet
245 2764 423 2803 supplicem
445 2765 484 2795 ud
509 2766 612 2804 sugam
638 2765 819 2804 coinpcllat.
846 2765 961 2795 Putare
983 2764 1080 2804 igitur
1101 2763 1176 2793 licet
1193 2762 1358 2792 Lavini-am
1374 2761 1404 2790 iu
1420 2758 1613 2800 quibusdam

124 2809 308 2840 Latinorum
327 2811 444 2842 sabulis
465 2812 623 2852 depictam
647 2812 834 2850 l'uisse,1ion
859 2812 942 2842 sicut
962 2811 1103 2842 timidam
1125 2809 1346 2849 imbellemque
1367 2807 1533 2845 virginem,
1556 2804 1612 2836 sed

125 2859 273 2896 tanquam
300 2859 463 2889 mulierem
490 2860 615 2889 consilii
646 2859 830 2899 vigorisque
861 2859 1000 2898 plenam,
1022 2858 1148 2898 qualem
1177 2856 1306 2896 saepius
1336 2857 1447 2895 postea
1480 2851 1612 2883 Romani

125 2903 226 2934 fortes
253 2914 291 2935 ac
318 2905 430 2936 viriles
451 2907 573 2945 puellas
603 2907 769 2937 commenti
800 2909 884 2937 sunt.
915 2906 974 2938 (Cf.
1008 2906 1161 2942 1301551511,
1191 2904 1237 2935 La
1264 2902 1371 2943 Reliy.
1403 2910 1500 2938 rom„
1529 2902 1552 2932 1.
1574 2898 1613 2936 11,

127 2959 162 2990 p-
180 2949 253 2991 213,
275 2951 314 2983 de
334 2961 536 2984 romanarum
558 2954 717 2994 virginum
739 2953 929 2985 educatione
950 2956 981 2985 et
1001 2952 1159 2994 ingenio.)
