1889 3319
0 119 32 251 {5-

0 353 20 527 ἓ,

746 203 873 233 CAPUT
909 205 1106 235 TERTlUM.
1619 191 1674 233 85

189 319 339 363 minus
365 318 525 361 deceat
546 318 643 375 jam
674 323 900 362 mat-uram
927 324 1073 363 aetate
1101 321 1361 373 mulierem,
1390 320 1674 378 eandemque

189 391 418 447 reginam,
452 405 499 433 se
528 391 675 448 ipsam
703 390 789 434 sibi
823 391 941 434 ultro
977 392 1150 448 fingere
1176 392 1222 434 in
1249 394 1484 450 posterum
1520 410 1539 430 «
1569 406 1674 434 can-

191 461 300 505 dida
318 461 679 521 permulcentem
704 480 724 501 »
749 463 931 505 Aeneae
961 462 1194 521 (tanquam
1224 462 1472 505 Ariadnam
1494 462 1672 520 Thesei)

501 651 562 660 .....
568 624 730 668 liquidis
751 626 916 669 vestigia
935 626 1117 669 lymphiS‚

188 775 461 834 Aeneaeque
506 775 674 818 lectum
720 794 739 815 «
783 791 987 834 purpura
1028 779 1153 819 veste
1197 795 1217 816 »
1252 779 1670 819 consternentem...

189 846 354 890 Tantas
374 850 560 905 tamque
584 847 832 904 flagitiosas
852 862 1004 890 rerum
1022 862 1207 890 suarum
1228 848 1500 890 mutationes
1524 848 1675 890 animo

189 918 284 962 sine
310 918 486 976 pudore
511 919 775 977 praecipere
804 919 1139 962 homericarum
1159 919 1432 962 feminarum
1451 923 1546 973 est3
1573 922 1677 961 sunt

188 989 479 1046 Vergilianae
505 990 851 1035 fastidiosiores.

247 1060 312 1104 De
349 1061 592 1120 Apollonio
629 1076 810 1120 quoque
850 1062 1048 1104 mutuari
1076 1061 1249 1120 aliquid
1285 1061 1543 1118 Vergilium
1583 1062 1677 1104 ani-

187 1132 474 1183 madvertere
515 1136 602 1186 est,
641 1133 811 1176 scilicet
855 1133 969 1176 illud
1003 1133 1287 1192 Hypsipylae
1321 1149 1346 1176 a
1384 1133 1550 1176 Jasone
1596 1132 1677 1176 de-

188 1205 363 1247 sertae¹
395 1218 404 1248 ε

484 1300 500 1312 57
553 1299 568 1311 ,Ι
642 1302 657 1312 Ν
674 1300 684 1314 Ι
837 1303 844 1315 x
871 1299 905 1312 Nl
1078 1301 1085 1313 l
1185 1299 1198 1314 0

481 1317 527 1351 ην
550 1316 620 1354 apoc
641 1317 683 1348 οη
706 1316 750 1351 με
775 1304 847 1338 Θεοι
868 1315 975 1340 οοωσι
998 1304 1210 1340 τεκεσΟαι“.

190 1461 280 1505 Sed
307 1476 455 1519 neque
481 1460 596 1503 illud
617 1460 707 1503 tale
728 1460 902 1519 profert
923 1461 1056 1518 quale
1078 1461 1265 1503 invenit.
1290 1459 1404 1502 Nam
1426 1474 1530 1502 cum
1557 1461 1674 1503 sicco

187 1532 387 1591 quodam
410 1532 660 1575 laconismo
686 1532 772 1574 hoc
800 1532 856 1574 de
884 1532 1165 1590 Hypsipylae
1194 1546 1271 1574 ore
1299 1535 1454 1574 votum
1485 1531 1670 1584 excidit,

185 1607 321 1662 atque
357 1607 514 1662 utpote
557 1602 681 1662 quod
715 1618 805 1645 uno
839 1607 1014 1645 tantum
1051 1602 1213 1655 verbo,
1257 1606 1300 1645 et
1342 1602 1420 1645 illo
1459 1603 1668 1661 proprio,

186 1675 468 1718 enuntiatum
490 1675 561 1727 sit,
592 1674 869 1717 inurbanum
896 1674 1048 1716 nescio
1069 1674 1179 1732 quid
1207 1677 1251 1716 et
1277 1676 1455 1729 agreste
1482 1673 1622 1716 habet
1639 1674 1670 1717 ³.

184 1745 416 1803 Vergilius
467 1749 624 1789 contra
683 1760 811 1804 spem
866 1745 1079 1798 eandem,
1134 1745 1342 1803 pluribus
1403 1745 1671 1803 explicatam

184 1817 358 1871 verbis,
400 1832 452 1860 eo
485 1818 584 1875 ipso
623 1820 851 1869 extenuat,
882 1817 1098 1874 illamque
1126 1815 1335 1874 pariendi
1362 1816 1672 1874 appetentiam

183 1903 274 1930 non
300 1896 576 1949 φυσιολογικῷ,
606 1888 838 1946 Apollonii
870 1887 1027 1940 instar,
1064 1887 1288 1930 vocabulo
1316 1886 1560 1942 significat,
1592 1886 1672 1929 sed

182 1958 261 2001 illa
287 1958 510 2017 lepidiore
538 1959 763 2011 mulieris,
791 1957 1067 2015 jamdudum
1096 1958 1253 2000 matris
1279 1958 1441 2010 factae,
1472 1958 1670 2013 imagine

184 2033 390 2072 ornatam
416 2029 677 2072 dissimulat
692 2029 721 2072 ³.

228 2177 257 2209 1.
279 2177 312 2207 Id
335 2176 401 2208 fere
421 2186 519 2207 unum
543 2180 610 2214 est,
635 2186 697 2216 quo
724 2176 858 2207 Didonis
889 2186 959 2207 cum
987 2176 1096 2207 Aenea
1122 2185 1209 2207 amor
1241 2176 1369 2207 Jasonis
1399 2185 1469 2206 cum
1496 2175 1674 2216 Hypsipyla

185 2234 324 2256 amorem
341 2225 385 2266 (in
408 2226 537 2265 Argyon.
555 2225 657 2264 primo
679 2224 760 2254 libro
776 2227 950 2257 narratum)
970 2225 1097 2255 referat.
1119 2224 1292 2263 Pei-peram
1315 2223 1505 2260 Commrox,
1524 2223 1672 2262 Introd„

187 2282 218 2312 p.
240 2282 362 2310 xxxvii,
378 2273 533 2303 imitatum
558 2272 656 2302 fuisse
679 2271 853 2309 Vergilium
875 2271 952 2301 dicit
981 2272 1063 2301 hunc
1087 2271 1190 2302 locuni
1211 2271 1394 2311 Apollonii,
1410 2271 1535 2302 etiamsi
1559 2270 1674 2301 fatetur

186 2319 268 2351 illud
289 2320 405 2350 factum
426 2320 525 2350 fuisse
550 2333 564 2348 «
588 2320 622 2350 in
644 2328 721 2357 very
743 2319 908 2360 different
928 2318 1074 2350 colours.
1100 2332 1114 2345 »

227 2367 258 2400 2.
281 2368 422 2409 Arycn„
447 2367 468 2407 1,
490 2367 561 2398 899.

226 2414 257 2446 3.
279 2414 371 2452 Quod
393 2414 524 2445 Ovmms
538 2414 705 2454 (Heroid,
729 2423 783 2449 vu,
809 2413 877 2453 125)
897 2414 1025 2453 repetit,
1046 2413 1102 2444 sed
1123 2417 1244 2445 mutata
1265 2417 1296 2444 et
1312 2414 1447 2445 vitiata:

433 2510 568 2537 Forsitan
588 2513 615 2536 et
632 2509 785 2545 gravidam
801 2509 884 2540 Dido.
905 2508 1056 2541 scelerate,
1074 2508 1235 2543 relinquas,

434 2560 560 2588 parsque
579 2552 620 2579 tui
637 2553 724 2578 lateat
737 2560 858 2586 corpore
875 2550 974 2577 clausa
996 2558 1068 2577 mco.

188 2639 347 2672 Ovidiana
367 2641 465 2681 igitur
486 2641 567 2672 Dido
587 2642 712 2671 metuit
735 2650 771 2670 ne
794 2640 891 2670 silium
911 2642 1101 2679 susceptura
1122 2639 1163 2670 sit
1183 2648 1221 2670 ex
1242 2640 1364 2679 Aenea,
1384 2650 1447 2671 nou
1467 2641 1599 2681 sperat.

228 2687 259 2720 4.
281 2688 368 2719 Nihil
393 2689 477 2719 aliud
504 2698 543 2719 ex
563 2688 704 2728 antiquis
725 2688 828 2728 poetis
850 2687 899 2717 his
920 2688 951 2716 in
973 2687 1053 2717 locis
1074 2687 1105 2716 in
1132 2696 1196 2717 ren]
1225 2697 1314 2717 suam
1341 2689 1541 2718 convertisse
1562 2686 1673 2727 Vergi—

188 2735 264 2766 lium
286 2736 439 2774 arbitror,
462 2736 523 2766 etsi
545 2736 678 2775 insuper
699 2736 905 2766 conseruntur
932 2744 948 2764 a
970 2734 1132 2774 plerisque
1152 2736 1457 2766 commentatoribus
1479 2744 1549 2766 cum
1576 2735 1672 2774 Aen„

189 2783 242 2822 IV,
260 2782 410 2822 320-326‚
431 2782 583 2820 534-536,
606 2782 667 2813 loci
688 2785 860 2822 sequentes
880 2791 886 2812 :

291 2848 402 2887 Sora„
424 2847 492 2886 El„
511 2848 573 2879 812
593 2857 640 2888 sq.
668 2857 675 2878 ε
703 2848 811 2879 ...Νῦν
834 2847 866 2880 δὲ
887 2852 944 2879 ποῖ
965 2859 1002 2882 με
1023 2846 1088 2889 χρὴ
1111 2849 1241 2887 μολεῖν;

703 2895 798 2936 Μόνη
819 2894 881 2937 γάρ
906 2892 982 2936 εἶμι,
1005 2907 1035 2926 κ.
1056 2907 1083 2926 τ.
1106 2897 1137 2927 λ.
