1889 3319
229 168 314 211 118
785 182 886 212 PARS
919 182 1160 212 PosTEffloa.

228 312 318 354 quo
343 297 481 339 verbo
506 297 778 354 imperiosae
805 298 990 353 reginae
1019 297 1234 356 superbia
1259 295 1518 352 legentibus
1545 295 1716 338 utiliter

229 371 626 410 commemoratur.
658 367 714 410 Et
740 368 882 411 Turni
913 383 1096 427 quoque
1134 386 1154 408 «
1183 368 1404 410 honorem
1435 385 1455 406 »
1493 367 1715 409 animum-

228 454 316 497 que
351 439 588 481 offensioni
625 453 838 496 pronum,
880 443 1009 482 cavet
1035 439 1199 482 Amata
1239 454 1293 481 ne
1329 453 1419 496 quo
1455 437 1595 480 verbo
1633 437 1716 479 im-

226 510 498 568 prudentius
525 509 731 567 projecto
764 510 957 553 laedam.
992 510 1245 567 Diligenter
1285 510 1404 552 enim
1444 508 1634 552 attendit
1658 523 1716 551 ne

228 581 285 623 de
332 595 515 639 pugnae
563 582 683 624 exitu
729 582 863 624 nimis
904 596 1002 624 esse
1049 582 1201 635 anxia,
1248 584 1325 624 aut
1369 580 1541 623 strenui
1588 579 1715 622 ducis

227 652 385 694 virtuti
421 667 583 710 parum
620 652 763 695 fidere
791 652 1015 696 videatur.
1049 653 1148 695 Huc
1174 656 1330 711 aperte
1360 655 1535 711 spectat
1560 650 1718 693 volun-

226 723 342 766 taria
368 723 446 766 illa
476 723 772 782 amplificatio
803 737 812 767 ε

561 853 716 888 Desiste
736 862 898 888 manum
919 854 1166 888 committere
1192 854 1341 893 Teucris,

230 982 321 1026 quo
355 967 566 1010 Amatam
605 968 746 1011 verbo
786 968 902 1012 male
948 968 1131 1013 Servius
1176 969 1390 1012 observat
1431 987 1450 1008 «
1493 968 1550 1011 ab
1595 967 1718 1010 omni

230 1054 333 1081 eum
361 1039 500 1092 bello,
533 1055 619 1082 non
645 1044 821 1082 tantum
847 1030 873 1083 a
896 1040 1116 1096 singulari
1144 1041 1388 1083 certamine
1416 1039 1664 1082 dehortari.
1695 1057 1714 1078 »

230 1112 418 1153 Teucros
445 1110 548 1153 ideo
573 1111 651 1153 illa
679 1110 805 1165 dicit,
838 1126 891 1154 ne
921 1126 1061 1154 unum
1089 1112 1297 1169 designet
1325 1113 1524 1154 Aeneam
1543 1111 1572 1154 3.

289 1182 446 1240 Neque
475 1182 635 1224 eadem
673 1182 825 1225 Turno
863 1183 1046 1236 suadet,
1087 1185 1201 1226 sicut
1238 1184 1391 1241 inepte
1425 1182 1635 1235 Latinus,
1668 1184 1718 1224 ut

232 1253 318 1298 sibi
367 1253 454 1312 ipsi
502 1253 709 1296 consulat
766 1255 1017 1312 victorique
1073 1254 1191 1298 hosti
1239 1255 1480 1306 concedat,
1530 1268 1717 1296 uxorem

228 1325 419 1367 alteram
447 1325 492 1367 in
522 1325 651 1367 Latio
688 1326 891 1368 securius
930 1327 1235 1384 quaesiturus.
1266 1327 1431 1369 Amata
1463 1340 1570 1370 vero
1606 1325 1718 1367 nihil

229 1396 349 1439 aliud
376 1396 595 1453 juvenem
624 1397 786 1455 poscit,
811 1398 897 1441 nisi
924 1397 1112 1441 desistat

671 1536 832 1561 manum
854 1528 1080 1562 commitere
1102 1528 1280 1569 Teucris:

228 1647 340 1707 quid
379 1663 486 1690 vero
527 1652 685 1706 postea
725 1649 960 1692 facturus?
1001 1649 1120 1702 Quid
1157 1651 1533 1708 exspectaturus?
1577 1648 1715 1691 Futu-

227 1735 385 1762 raiune
419 1721 517 1778 ipsa
547 1725 700 1778 sperat
730 1721 930 1779 aliquam
964 1736 1115 1763 reruni
1152 1722 1530 1763 conversionem?
1565 1721 1718 1764 Nescit

228 1792 391 1834 Amata
420 1792 638 1849 profecto.
671 1791 791 1834 Illud
819 1792 1134 1835 tantummodo
1163 1808 1215 1835 eo
1242 1793 1460 1851 temporis
1488 1797 1716 1835 momento

229 1866 370 1921 optat,
403 1867 449 1905 ut
476 1863 599 1905 vivat
626 1863 821 1906 Turnus.
859 1883 877 1902 ι(
911 1863 1028 1917 Quia
1054 1880 1161 1907 vero
1189 1865 1287 1917 scit,
1318 1890 1375 1895 —
1398 1868 1445 1906 ut
1477 1868 1580 1922 apte
1608 1864 1717 1907 dicit

232 1932 433 1985 Servius,
464 1960 520 1965 —
548 1934 696 1977 virum
724 1935 887 1977 fortem
915 1950 1042 1978 suam
1070 1940 1263 1978 mortem
1288 1935 1420 1978 facile
1452 1950 1586 1993 posse
1615 1950 1718 1978 con-

228 2008 449 2055 temnere,
481 2005 680 2048 deterret
701 2021 804 2048 eum
827 2006 981 2050 (licens
1010 2022 1056 2050 se
1080 2007 1212 2050 simul
1238 2008 1534 2060 morituram;
1567 2011 1613 2050 ut
1640 2007 1717 2065 qui

228 2076 482 2134 periculum
510 2091 599 2119 non
625 2077 767 2131 timet,
799 2077 1013 2121 formidet
1040 2078 1259 2121 invidiam
1291 2092 1299 2122 :
1329 2097 1347 2117 »

479 2206 552 2247 Qui
571 2209 608 2240 te
623 2215 788 2248 cumque
810 2211 973 2241 manent
993 2208 1068 2242 isto
1088 2209 1301 2242 certamine
1322 2217 1448 2250 casm,

478 2264 517 2293 et
537 2269 610 2302 me,
634 2261 772 2302 Turne,
797 2265 969 2295 manent.

231 2372 372 2417 Multo
401 2374 622 2430 majorem
650 2374 853 2432 profecto
885 2376 974 2418 vim
1009 2375 1162 2430 habet,
1198 2376 1432 2435 multoque
1467 2377 1612 2433 magis
1652 2381 1719 2421 est

232 2443 288 2485 ad
343 2445 715 2502 persuadendum
768 2446 1111 2489 accommodata
1160 2448 1351 2490 Amatae
1403 2449 1713 2501 oratiuncula,

231 2529 368 2573 quam
395 2515 623 2571 longiores
652 2521 695 2559 et
713 2517 998 2560 subinsulsae
1019 2519 1138 2561 senis
1160 2518 1310 2562 Latini
1325 2520 1338 2541 ³
1361 2519 1715 2563 dehortationes.

275 2693 302 2724 1.
324 2694 413 2725 Aen.
440 2693 510 2733 xli,
529 2694 569 2725 60
587 2704 656 2736 sqq.
677 2713 715 2718 —
737 2695 785 2728 Cf.
805 2705 886 2736 quae
908 2696 1086 2727 Coxixcrox
1107 2696 1138 2726 in
1161 2696 1245 2728 hunc
1266 2698 1369 2728 locum
1386 2697 1572 2732 edisseruit.

272 2740 302 2771 2.
324 2741 496 2782 Perperam
518 2742 615 2782 igitur
638 2743 761 2774 Teucro
795 2743 924 2782 conjicit
952 2743 1162 2782 Prsarum&
1195 2753 1299 2785 neque
1332 2745 1445 2775 melius
1475 2745 1612 2778 BExmsT
1637 2746 1719 2778 Teu-

232 2789 299 2820 cris
322 2788 453 2819 honoris
476 2798 572 2820 causa
590 2790 710 2821 dictum
732 2793 833 2830 putat.
853 2807 892 2812 --
914 2790 1009 2821 Recte
1031 2790 1212 2822 Coxixorox
1233 2792 1316 2822 idem
1344 2796 1420 2823 tunc
1443 2793 1548 2825 facere
1574 2794 1718 2827 Latinum
1744 2831 1747 2835 ¹

233 2836 470 2873 animadvertit,
492 2837 685 2878 Aeneaeque
705 2847 820 2869 nomen
840 2837 880 2869 ab
898 2839 1046 2869 ‘oratione
1068 2848 1123 2870 sua
1144 2840 1291 2870 consulto
1311 2849 1432 2873 arcere.

273 2882 302 2915 3.
326 2884 409 2917 Aen.
431 2883 501 2923 XII,
519 2883 569 2915 24.
