1889 3319
267 219 288 260 1
297 217 352 259 54
894 227 1123 258 concrnsm.

266 347 337 389 vel
371 347 506 389 etiam
544 345 746 388 indolem
781 345 958 403 priores
999 347 1160 402 poetae
1199 346 1276 385 aut
1311 342 1515 386 historici
1551 343 1751 386 tradide—

263 421 380 471 rant,
407 417 542 473 longe
569 420 721 459 tamen
748 415 878 459 abest
904 419 953 458 ut
978 415 1054 457 ille
1082 415 1283 470 integras
1311 414 1554 472 acceperit,
1586 415 1750 458 crudas

262 488 530 532 reddiderit.
567 488 623 531 Et
662 487 699 529 si
733 487 833 529 aliis
868 486 1055 544 quidem
1081 486 1126 528 in
1154 485 1361 544 partibus
1401 486 1624 544 poematis
1662 487 1774 540 sui„

261 586 320 593 —
352 559 546 618 exempli
585 559 731 614 gratia
776 558 819 600 in
860 572 1014 600 rerum
1055 561 1282 599 mutarum
1327 557 1633 615 descriptione
1673 562 1752 601 aut

261 646 415 674 rerum
465 633 698 686 gestarum
740 629 1084 687 explicatione¹,
1127 654 1183 659 —
1230 627 1433 670 eruditae
1478 631 1521 670 et
1564 630 1749 687 proprie

260 703 503 745 historicae
550 701 810 756 diligentiae
863 700 1172 742 testimonium
1225 714 1328 742 eum
1366 698 1548 742 dedisse
1586 699 1745 753 fateor,

262 789 364 817 cum
404 777 561 816 contra
595 772 650 814 de
679 772 885 830 personis
923 771 1193 827 effingendis
1227 772 1393 826 agitur,
1424 785 1542 827 nego
1582 785 1749 830 suppe-

260 845 401 888 ditata
429 845 516 887 sibi
543 859 647 886 eum
674 843 955 894 indistincte,
986 843 1093 901 quia
1119 843 1326 900 antiqua,
1363 842 1674 901 adsumpsisse
1707 846 1751 885 et

260 931 362 958 cum
391 930 520 958 serva
548 914 746 973 quadam
775 913 1036 956 obedientia
1068 914 1326 957 retinuisse.

317 986 458 1029 Addit
484 987 591 1028 item
619 985 818 1043 plurima
845 984 1057 1042 receptis.
1087 985 1138 1027 lit
1163 985 1208 1026 in
1238 984 1412 1026 Didone
1440 984 1583 1027 fusius
1612 1000 1750 1043 quam

258 1057 443 1100 brevius
472 1056 712 1099 ostendere
743 1055 861 1098 volui
891 1059 1061 1113 quanto
1088 1056 1329 1098 minutiore
1367 1070 1471 1098 cum
1507 1056 1749 1099 sedulitate

258 1128 503 1186 descripta,
535 1131 705 1185 quanto
734 1127 943 1184 pluribus
973 1126 1204 1169 coloribus
1233 1130 1393 1168 ornata
1415 1127 1471 1170 sit
1493 1142 1517 1168 a
1544 1126 1749 1183 Vergilio

258 1201 448 1242 amantis
493 1204 537 1242 et
570 1199 788 1257 deceptae
827 1199 1022 1241 feminae
1061 1198 1299 1254 cujusdam
1337 1198 1514 1241 indoles
1546 1213 1684 1257 quam
1724 1214 1750 1241 a

257 1272 434 1328 graecis
462 1271 608 1329 poetis
637 1271 740 1319 illis,
772 1285 968 1328 quorum
998 1284 1132 1312 succo
1161 1271 1358 1312 nutritus
1387 1274 1543 1312 noster
1569 1270 1748 1313 dictita-

257 1347 345 1385 tur.
369 1342 550 1400 Quippe
578 1342 655 1400 qui
682 1341 887 1384 adfectus
918 1356 1141 1399 personae
1170 1341 1398 1395 inductae,
1421 1356 1510 1384 non
1539 1341 1674 1384 modo
1702 1343 1747 1384 in

259 1429 436 1457 summa
463 1421 506 1456 et
533 1429 555 1455 e
583 1413 834 1471 longinquo
863 1413 1078 1466 delineet,
1098 1412 1178 1455 scd
1199 1413 1386 1471 propius
1416 1417 1460 1455 et
1487 1428 1569 1471 per
1590 1414 1747 1455 intima

259 1485 415 1529 subtili
449 1484 647 1543 quodam
687 1489 731 1527 et
774 1484 897 1526 tenui
926 1484 1139 1542 penicillo
1176 1483 1445 1537 adumbret,
1493 1499 1576 1526 nec
1614 1484 1748 1527 modo

259 1572 335 1599 eos
372 1557 417 1598 in
454 1557 550 1598 istis
586 1556 828 1598 momentis
875 1555 1084 1613 arripiat,
1133 1559 1181 1597 ut
1232 1556 1293 1597 ita
1331 1555 1497 1608 dicam,
1535 1559 1579 1598 et
1615 1555 1746 1598 facile

258 1628 497 1686 exprimat,
541 1627 619 1670 ubi
659 1627 855 1669 maximo
890 1627 1068 1669 fervore
1109 1630 1387 1680 exaestuent,
1425 1631 1470 1669 et
1496 1627 1626 1685 quasi
1653 1627 1746 1669 vio-

257 1699 376 1741 lente
406 1703 707 1755 emergentes,
739 1715 762 1740 ει
791 1699 951 1756 quovis
974 1698 1045 1740 vel
1072 1699 1285 1756 imperito
1313 1698 1741 1756 deprehendantur3

255 1796 312 1801 —
345 1770 425 1813 sed
459 1772 594 1813 etiam
631 1769 881 1828 profundos
916 1783 1075 1811 eorum
1114 1770 1290 1812 radices
1327 1770 1606 1827 tacitumque
1644 1785 1747 1828 pro-

257 1857 457 1896 cessum,
514 1842 795 1901 pusillasque
848 1842 1106 1894 varietates,
1156 1841 1556 1900 subobscurasque
1604 1845 1747 1884 muta-

256 1915 400 1956 tiones
428 1917 746 1972 persequatur.

317 1985 449 2038 Quod
486 1989 637 2028 autem
684 1984 993 2027 additamenta
1035 1985 1121 2027 ista
1156 1983 1389 2039 Vergilius
1431 1999 1518 2026 non
1561 1999 1612 2026 ex
1647 1984 1747 2026 aliis

298 2169 325 2201 1.
353 2170 539 2209 Quanquam
570 2170 618 2199 vel
654 2169 683 2199 in
715 2169 764 2198 'nis
796 2168 906 2208 optimi
931 2168 1057 2207 judices
1087 2171 1281 2198 censuerunt
1308 2177 1452 2206 magnam
1490 2167 1646 2198 interdum
1675 2178 1746 2198 esse

257 2217 389 2257 Vergilii
424 2218 602 2247 libertatem
639 2228 645 2247 z
677 2216 716 2247 de
747 2226 810 2256 quo
839 2226 867 2247 v.
901 2216 1128 2252 Kixnnnufflx,
1163 2225 1217 2255 op.
1246 2216 1315 2252 cit.,
1339 2228 1353 2242 «
1378 2215 1411 2245 Si
1433 2215 1595 2246 Aeneidos
1623 2215 1747 2246 fabulas

256 2274 326 2294 cum
360 2264 398 2293 iis
430 2274 511 2303 quae
534 2265 574 2294 ab
611 2264 850 2303 antiquioribus
879 2262 1050 2293 traduntur
1074 2271 1310 2302 comparamus,
1347 2262 1438 2293 facile
1461 2265 1549 2302 patet
1568 2261 1746 2303 Vergilium

257 2321 378 2341 summo
410 2312 516 2342 studio
548 2312 697 2352 antiquus
731 2311 857 2341 fabulas
887 2310 1092 2350 repetivisse,
1125 2309 1181 2340 sed
1216 2310 1345 2340 easdem
1373 2319 1487 2350 magna
1517 2319 1587 2340 cum
1619 2310 1747 2341 lieentia

260 2362 411 2391 mutasse.
447 2359 647 2399 inquirentes
675 2359 760 2389 enim
793 2359 825 2388 in
859 2358 966 2388 varios
987 2357 1105 2388 modos
1124 2357 1243 2397 quibus
1271 2358 1365 2387 nobis
1384 2366 1436 2387 res
1458 2361 1548 2388 actae
1578 2367 1595 2387 a
1621 2357 1746 2396 Latino,

258 2407 365 2437 Turno
379 2408 551 2446 Aeneaque
569 2407 685 2437 tradita
701 2409 784 2443 sunt,
801 2406 979 2445 reperimus
997 2405 1171 2445 Vergilium
1189 2404 1309 2434 nullum
1322 2404 1537 2444 antiquiorum
1551 2405 1746 2445 scriptorum

259 2458 401 2485 secutum
422 2464 506 2491 esse,
541 2454 597 2484 sed
630 2455 694 2484 lere
726 2463 840 2484 novam
875 2453 1091 2483 narrationem
1122 2452 1355 2491 composuisse,
1391 2455 1451 2483 etc.
1489 2465 1502 2478 »ι
1540 2451 1586 2483 Cf.
1616 2462 1648 2492 p.
1678 2452 1745 2483 64:

260 2516 274 2530 (ι
299 2503 396 2533 Nemo
426 2503 569 2542 profecto
588 2502 626 2532 iis
643 2511 725 2542 quae
747 2501 948 2541 scripserunt
970 2500 1219 2538 sitium-Reme,
1243 2499 1359 2530 Etude
1384 2510 1412 2532 s.
1444 2499 1586 2541 Vir-yde,
1606 2510 1636 2539 p.
1661 2500 1719 2531 108
1739 2511 1746 2531 :

260 2551 376 2590 Denys
408 2549 693 2580 ‹I'Ilulicarnasse
724 2559 764 2580 ne
791 2547 893 2589 parle
928 2548 1033 2589 quere
1063 2547 1233 2578 la-desszzs
1258 2549 1457 2578 autrement
1483 2557 1548 2589 que
1580 2547 1745 2588 Vir-qile...

260 2601 290 2629 et
311 2597 506 2637 Scliwegler,
531 2597 624 2628 Rsjm.
649 2596 782 2634 Gesclz„
806 2596 827 2633 Ι,
854 2595 937 2627 289:
984 2594 1090 2637 Van-qil
1115 2593 1207 2635 fol9t
1232 2594 1267 2625 in
1296 2593 1524 2636 allqezneinen
1545 2594 1607 2626 der
1625 2595 1745 2636 hei'ye-

259 2645 421 2676 braclzlen
457 2644 764 2686 Ueberliefernny:
800 2654 866 2674 nm·
899 2653 945 2674 an
981 2642 1129 2684 weniyen
1158 2641 1330 2679 Punlsten,
1368 2652 1415 2673 wo
1448 2643 1511 2673 das
1541 2641 1688 2674 Gedicht
1709 2652 1746 2674 er

259 2693 427 2733 forcletwe,
448 2692 530 2734 yelzt
548 2702 585 2722 er
601 2701 665 2723 von
686 2692 744 2722 ihr
768 2691 810 2722 ab
874 2690 1064 2722 consentiet.
1088 2689 1250 2730 Vergilius
1271 2690 1455 2720 nominibus
1476 2690 1560 2720 notis
1581 2699 1659 2720 usus
1681 2693 1746 2728 est,

262 2740 318 2771 sed
347 2741 427 2771 lacta
462 2740 624 2770 nominum
659 2740 866 2779 fortunasque
896 2740 983 2768 tanta
1011 2737 1213 2778 neglegentia
1243 2737 1393 2767 tractavit
1426 2740 1459 2767 ut
1490 2746 1530 2767 ex
1560 2737 1610 2767 his
1642 2738 1749 2768 nullus

262 2789 327 2819 sere
357 2790 529 2828 agnoscat,
561 2791 621 2818 etc.
660 2800 674 2814 »
701 2787 758 2824 ln.,
781 2786 877 2825 ibid„
901 2796 931 2826 p.
954 2785 973 2815 5
1004 2794 1010 2815 ;
1044 2784 1172 2815 Etiamsi
1197 2784 1335 2824 probare
1354 2793 1527 2824 possumus
1548 2784 1633 2815 unde
1655 2787 1750 2825 poeta

262 2836 360 2866 multa
382 2835 506 2866 nomina
530 2836 708 2875 multasque
730 2834 854 2864 fabulas
876 2833 1044 2873 petiverat,
1077 2832 1205 2862 minime
1236 2831 1311 2862 inde
1332 2832 1477 2872 sequitur
1493 2831 1613 2862 nullum
1635 2842 1748 2863 nomen

263 2884 445 2923 nullamque
487 2883 627 2914 fabulam
665 2883 735 2922 ejus
771 2880 912 2921 tingendi
955 2879 1098 2910 facultati
1133 2888 1222 2909 suam
1255 2879 1410 2919 originem
1444 2879 1607 2912 debuisse.
1645 2892 1660 2907 »
1699 2880 1746 2911 uf.

262 2941 293 2971 p.
317 2931 423 2963 45:16.
