<?xml version="1.0" encoding="UTF-8"?>
<!DOCTYPE html PUBLIC "-//W3C//DTD XHTML 1.0 Transitional//EN"
    "http://www.w3.org/TR/xhtml1/DTD/xhtml1-transitional.dtd">
<html xmlns="http://www.w3.org/1999/xhtml" xml:lang="en" lang="en">
 <head>
  <title>
</title>
<meta http-equiv="Content-Type" content="text/html;charset=utf-8" />
  <meta name='ocr-system' content='tesseract 3.04.00' />
  <meta name='ocr-capabilities' content='ocr_page ocr_carea ocr_par ocr_line ocrx_word'/>
</head>
<body>
  <div class='ocr_page' id='page_1' title='image "./devergilioininfo00rbuoft/devergilioininfo00rbuoft_0175.png"; bbox 0 0 1889 3319; ppageno 0'>
   <div class='ocr_carea' id='block_1_1' title="bbox 1584 221 1631 234">
    <p class='ocr_par' dir='ltr' id='par_1_1' title="bbox 1584 221 1631 234">
     <span class='ocr_line' id='line_1_1' title="bbox 1584 221 1631 234; baseline 0 -4"><span class='ocrx_word' id='word_1_1' title='bbox 1584 222 1602 232; x_wconf 56' lang='lat'>‚2</span> <span class='ocrx_word' id='word_1_2' title='bbox 1613 221 1631 234; x_wconf 66' lang='grc' dir='ltr'><strong>μ</strong></span> 
     </span>
    </p>
   </div>
   <div class='ocr_carea' id='block_1_2' title="bbox 780 222 1635 267">
    <p class='ocr_par' dir='ltr' id='par_1_2' title="bbox 780 222 1635 267">
     <span class='ocr_line' id='line_1_2' title="bbox 780 222 1635 267; baseline -0.009 1"><span class='ocrx_word' id='word_1_3' title='bbox 780 238 1008 267; x_wconf 62' lang='grc'>0011010510.</span> <span class='ocrx_word' id='word_1_4' title='bbox 1559 222 1635 261; x_wconf 68' lang='lat' dir='ltr'>loa</span> 
     </span>
    </p>
   </div>
   <div class='ocr_carea' id='block_1_3' title="bbox 153 350 1640 681">
    <p class='ocr_par' dir='ltr' id='par_1_3' title="bbox 153 350 1640 681">
     <span class='ocr_line' id='line_1_3' title="bbox 156 350 1637 411; baseline -0.005 -14"><span class='ocrx_word' id='word_1_5' title='bbox 156 354 321 397; x_wconf 80' lang='lat' dir='ltr'>fabulis</span> <span class='ocrx_word' id='word_1_6' title='bbox 349 353 421 396; x_wconf 90' lang='lat' dir='ltr'>vel</span> <span class='ocrx_word' id='word_1_7' title='bbox 447 353 753 411; x_wconf 77' lang='lat' dir='ltr'>poematibus,</span> <span class='ocrx_word' id='word_1_8' title='bbox 780 369 895 411; x_wconf 84' lang='lat' dir='ltr'>quae</span> <span class='ocrx_word' id='word_1_9' title='bbox 926 368 1066 411; x_wconf 81' lang='lat' dir='ltr'>usque</span> <span class='ocrx_word' id='word_1_10' title='bbox 1089 353 1145 394; x_wconf 86' lang='lat' dir='ltr'>ad</span> <span class='ocrx_word' id='word_1_11' title='bbox 1173 366 1253 394; x_wconf 98' lang='grc'>1105</span> <span class='ocrx_word' id='word_1_12' title='bbox 1283 350 1500 405; x_wconf 77' lang='lat' dir='ltr'>singulari</span> <span class='ocrx_word' id='word_1_13' title='bbox 1528 364 1637 407; x_wconf 84' lang='lat' dir='ltr'>qua-</span> 
     </span>
     <span class='ocr_line' id='line_1_4' title="bbox 156 420 1637 482; baseline -0.003 -16"><span class='ocrx_word' id='word_1_14' title='bbox 156 424 260 467; x_wconf 88' lang='lat' dir='ltr'>dam</span> <span class='ocrx_word' id='word_1_15' title='bbox 286 424 364 466; x_wconf 87' lang='lat' dir='ltr'>fati</span> <span class='ocrx_word' id='word_1_16' title='bbox 403 423 575 466; x_wconf 84' lang='lat' dir='ltr'>invidia</span> <span class='ocrx_word' id='word_1_17' title='bbox 613 439 699 466; x_wconf 91' lang='lat' dir='ltr'>non</span> <span class='ocrx_word' id='word_1_18' title='bbox 742 425 1047 482; x_wconf 74' lang='lat' dir='ltr'>pervenerint,</span> <span class='ocrx_word' id='word_1_19' title='bbox 1098 423 1280 465; x_wconf 91' lang='lat' dir='ltr'>haurire</span> <span class='ocrx_word' id='word_1_20' title='bbox 1316 421 1515 479; x_wconf 87' lang='lat' dir='ltr'>potuerit</span> <span class='ocrx_word' id='word_1_21' title='bbox 1551 420 1637 462; x_wconf 92' lang='grc'>1100</span> 
     </span>
     <span class='ocr_line' id='line_1_5' title="bbox 154 491 1638 553; baseline -0.004 -15"><span class='ocrx_word' id='word_1_22' title='bbox 154 495 449 538; x_wconf 89' lang='lat' dir='ltr'>verisimilem</span> <span class='ocrx_word' id='word_1_23' title='bbox 487 495 533 537; x_wconf 86' lang='lat' dir='ltr'>in</span> <span class='ocrx_word' id='word_1_24' title='bbox 571 495 780 549; x_wconf 88' lang='lat' dir='ltr'>modum,</span> <span class='ocrx_word' id='word_1_25' title='bbox 828 496 912 538; x_wconf 85' lang='lat' dir='ltr'>etsi</span> <span class='ocrx_word' id='word_1_26' title='bbox 948 510 1031 553; x_wconf 90' lang='lat' dir='ltr'>per</span> <span class='ocrx_word' id='word_1_27' title='bbox 1067 494 1397 549; x_wconf 87' lang='lat' dir='ltr'>conjecturam,</span> <span class='ocrx_word' id='word_1_28' title='bbox 1428 491 1638 533; x_wconf 86' lang='lat' dir='ltr'>demons-</span> 
     </span>
     <span class='ocr_line' id='line_1_6' title="bbox 153 561 1640 624; baseline -0.003 -16"><span class='ocrx_word' id='word_1_29' title='bbox 153 566 283 609; x_wconf 89' lang='lat' dir='ltr'>travi.</span> <span class='ocrx_word' id='word_1_30' title='bbox 321 566 442 622; x_wconf 82' lang='lat' dir='ltr'>Ergo</span> <span class='ocrx_word' id='word_1_31' title='bbox 475 566 588 608; x_wconf 88' lang='lat' dir='ltr'>haec</span> <span class='ocrx_word' id='word_1_32' title='bbox 623 567 775 608; x_wconf 88' lang='lat' dir='ltr'>omnia</span> <span class='ocrx_word' id='word_1_33' title='bbox 809 581 830 607; x_wconf 93' lang='lat' dir='ltr'>e</span> <span class='ocrx_word' id='word_1_34' title='bbox 869 581 914 608; x_wconf 92' lang='lat' dir='ltr'>se</span> <span class='ocrx_word' id='word_1_35' title='bbox 950 566 1047 624; x_wconf 87' lang='lat' dir='ltr'>ipso</span> <span class='ocrx_word' id='word_1_36' title='bbox 1083 564 1418 622; x_wconf 73' lang='lat' dir='ltr'>exprompsisse</span> <span class='ocrx_word' id='word_1_37' title='bbox 1450 561 1640 604; x_wconf 89' lang='lat' dir='ltr'>creden-</span> 
     </span>
     <span class='ocr_line' id='line_1_7' title="bbox 156 637 343 681; baseline 0.005 -2"><span class='ocrx_word' id='word_1_38' title='bbox 156 637 239 680; x_wconf 89' lang='lat' dir='ltr'>dus</span> <span class='ocrx_word' id='word_1_39' title='bbox 262 641 343 681; x_wconf 89' lang='lat' dir='ltr'>est.</span> 
     </span>
    </p>
   </div>
   <div class='ocr_carea' id='block_1_4' title="bbox 878 737 920 780">
    <p class='ocr_par' dir='ltr' id='par_1_4' title="bbox 878 737 920 780">
     <span class='ocr_line' id='line_1_8' title="bbox 878 737 920 780; baseline 0 0"><span class='ocrx_word' id='word_1_40' title='bbox 878 737 920 780; x_wconf 92' lang='grc' dir='ltr'>ΙΙ</span> 
     </span>
    </p>
   </div>
   <div class='ocr_carea' id='block_1_5' title="bbox 154 863 1643 1353">
    <p class='ocr_par' dir='ltr' id='par_1_5' title="bbox 154 863 1643 1353">
     <span class='ocr_line' id='line_1_9' title="bbox 215 863 1640 921; baseline -0.005 -9"><span class='ocrx_word' id='word_1_41' title='bbox 215 868 424 912; x_wconf 85' lang='lat' dir='ltr'>Secundo</span> <span class='ocrx_word' id='word_1_42' title='bbox 464 867 517 911; x_wconf 79' lang='lat' dir='ltr'>de</span> <span class='ocrx_word' id='word_1_43' title='bbox 553 868 739 921; x_wconf 78' lang='lat' dir='ltr'>Amata,</span> <span class='ocrx_word' id='word_1_44' title='bbox 779 867 990 920; x_wconf 71' lang='lat' dir='ltr'>Camilla,</span> <span class='ocrx_word' id='word_1_45' title='bbox 1028 868 1179 920; x_wconf 75' lang='lat' dir='ltr'>Anna,</span> <span class='ocrx_word' id='word_1_46' title='bbox 1213 866 1396 918; x_wconf 75' lang='lat' dir='ltr'>Creusa,</span> <span class='ocrx_word' id='word_1_47' title='bbox 1429 863 1640 908; x_wconf 77' lang='lat' dir='ltr'>Lavinia-</span> 
     </span>
     <span class='ocr_line' id='line_1_10' title="bbox 154 935 1639 999; baseline -0.005 -16"><span class='ocrx_word' id='word_1_48' title='bbox 154 955 262 999; x_wconf 79' lang='lat' dir='ltr'>que,</span> <span class='ocrx_word' id='word_1_49' title='bbox 301 954 414 998; x_wconf 89' lang='lat' dir='ltr'>quas</span> <span class='ocrx_word' id='word_1_50' title='bbox 452 939 686 994; x_wconf 79' lang='lat' dir='ltr'>esfingenti</span> <span class='ocrx_word' id='word_1_51' title='bbox 722 938 924 994; x_wconf 77' lang='lat' dir='ltr'>Vergilio</span> <span class='ocrx_word' id='word_1_52' title='bbox 960 938 1087 980; x_wconf 87' lang='lat' dir='ltr'>nulla</span> <span class='ocrx_word' id='word_1_53' title='bbox 1122 938 1263 979; x_wconf 87' lang='lat' dir='ltr'>ferme</span> <span class='ocrx_word' id='word_1_54' title='bbox 1300 937 1436 978; x_wconf 89' lang='lat' dir='ltr'>fuisse</span> <span class='ocrx_word' id='word_1_55' title='bbox 1474 935 1639 977; x_wconf 84' lang='lat' dir='ltr'>auxilia</span> 
     </span>
     <span class='ocr_line' id='line_1_11' title="bbox 155 1007 1642 1068; baseline -0.004 -14"><span class='ocrx_word' id='word_1_56' title='bbox 155 1015 330 1055; x_wconf 85' lang='lat' dir='ltr'>constat</span> <span class='ocrx_word' id='word_1_57' title='bbox 364 1037 421 1042; x_wconf 91' lang='lat'>-—</span> <span class='ocrx_word' id='word_1_58' title='bbox 457 1010 517 1067; x_wconf 90' lang='lat' dir='ltr'>(et</span> <span class='ocrx_word' id='word_1_59' title='bbox 555 1025 691 1068; x_wconf 79' lang='lat' dir='ltr'>quani</span> <span class='ocrx_word' id='word_1_60' title='bbox 733 1010 836 1065; x_wconf 82' lang='lat' dir='ltr'>jure</span> <span class='ocrx_word' id='word_1_61' title='bbox 876 1013 1066 1061; x_wconf 86' lang='lat' dir='ltr'>constet,</span> <span class='ocrx_word' id='word_1_62' title='bbox 1115 1009 1280 1050; x_wconf 90' lang='lat' dir='ltr'>iterum</span> <span class='ocrx_word' id='word_1_63' title='bbox 1327 1007 1642 1049; x_wconf 82' lang='lat' dir='ltr'>demonstran-</span> 
     </span>
     <span class='ocr_line' id='line_1_12' title="bbox 157 1079 1636 1139; baseline -0.004 -14"><span class='ocrx_word' id='word_1_64' title='bbox 157 1082 267 1125; x_wconf 87' lang='lat' dir='ltr'>dum</span> <span class='ocrx_word' id='word_1_65' title='bbox 296 1097 393 1125; x_wconf 87' lang='lat' dir='ltr'>esse</span> <span class='ocrx_word' id='word_1_66' title='bbox 417 1082 610 1139; x_wconf 87' lang='lat' dir='ltr'>censui),</span> <span class='ocrx_word' id='word_1_67' title='bbox 637 1107 691 1113; x_wconf 90' lang='lat'><strong>—</strong></span> <span class='ocrx_word' id='word_1_68' title='bbox 718 1081 788 1123; x_wconf 91' lang='lat' dir='ltr'>his</span> <span class='ocrx_word' id='word_1_69' title='bbox 815 1080 1083 1123; x_wconf 88' lang='lat' dir='ltr'>mulieribus</span> <span class='ocrx_word' id='word_1_70' title='bbox 1112 1094 1164 1121; x_wconf 88' lang='lat' dir='ltr'>ea</span> <span class='ocrx_word' id='word_1_71' title='bbox 1191 1079 1341 1121; x_wconf 83' lang='lat' dir='ltr'>onmia</span> <span class='ocrx_word' id='word_1_72' title='bbox 1369 1081 1636 1136; x_wconf 84' lang='lat' dir='ltr'>suppetunt,</span> 
     </span>
     <span class='ocr_line' id='line_1_13' title="bbox 160 1152 1643 1211; baseline -0.004 -16"><span class='ocrx_word' id='word_1_73' title='bbox 160 1167 423 1211; x_wconf 81' lang='lat' dir='ltr'>quanquam</span> <span class='ocrx_word' id='word_1_74' title='bbox 452 1167 538 1195; x_wconf 91' lang='lat' dir='ltr'>non</span> <span class='ocrx_word' id='word_1_75' title='bbox 574 1152 651 1194; x_wconf 88' lang='lat' dir='ltr'>diu</span> <span class='ocrx_word' id='word_1_76' title='bbox 685 1153 797 1194; x_wconf 88' lang='lat' dir='ltr'>istae</span> <span class='ocrx_word' id='word_1_77' title='bbox 833 1153 875 1194; x_wconf 91' lang='grc'>111</span> <span class='ocrx_word' id='word_1_78' title='bbox 911 1166 1073 1195; x_wconf 81' lang='lat' dir='ltr'>scaena</span> <span class='ocrx_word' id='word_1_79' title='bbox 1104 1154 1361 1203; x_wconf 76' lang='lat' dir='ltr'>remanent,</span> <span class='ocrx_word' id='word_1_80' title='bbox 1399 1164 1514 1206; x_wconf 85' lang='lat' dir='ltr'>quae</span> <span class='ocrx_word' id='word_1_81' title='bbox 1544 1163 1643 1206; x_wconf 86' lang='lat' dir='ltr'>per-</span> 
     </span>
     <span class='ocr_line' id='line_1_14' title="bbox 159 1220 1637 1282; baseline -0.004 -15"><span class='ocrx_word' id='word_1_82' title='bbox 159 1239 291 1267; x_wconf 81' lang='lat' dir='ltr'>sonas</span> <span class='ocrx_word' id='word_1_83' title='bbox 320 1239 346 1267; x_wconf 89' lang='lat' dir='ltr'>a</span> <span class='ocrx_word' id='word_1_84' title='bbox 373 1224 518 1282; x_wconf 90' lang='lat' dir='ltr'>poetis</span> <span class='ocrx_word' id='word_1_85' title='bbox 547 1227 721 1266; x_wconf 85' lang='lat' dir='ltr'>creatas</span> <span class='ocrx_word' id='word_1_86' title='bbox 748 1223 918 1266; x_wconf 90' lang='lat' dir='ltr'>habere</span> <span class='ocrx_word' id='word_1_87' title='bbox 940 1226 1118 1280; x_wconf 86' lang='lat' dir='ltr'>oportet</span> <span class='ocrx_word' id='word_1_88' title='bbox 1134 1225 1177 1263; x_wconf 91' lang='lat' dir='ltr'>et</span> <span class='ocrx_word' id='word_1_89' title='bbox 1191 1235 1373 1279; x_wconf 85' lang='lat' dir='ltr'>semper</span> <span class='ocrx_word' id='word_1_90' title='bbox 1394 1220 1637 1279; x_wconf 82' lang='lat' dir='ltr'>oportebit,</span> 
     </span>
     <span class='ocr_line' id='line_1_15' title="bbox 158 1292 1395 1353; baseline -0.004 -14"><span class='ocrx_word' id='word_1_91' title='bbox 158 1300 206 1339; x_wconf 91' lang='lat' dir='ltr'>ut</span> <span class='ocrx_word' id='word_1_92' title='bbox 234 1311 366 1339; x_wconf 85' lang='lat' dir='ltr'>verae</span> <span class='ocrx_word' id='word_1_93' title='bbox 395 1310 494 1340; x_wconf 85' lang='lat' dir='ltr'>esse</span> <span class='ocrx_word' id='word_1_94' title='bbox 524 1298 568 1338; x_wconf 87' lang='lat' dir='ltr'>et</span> <span class='ocrx_word' id='word_1_95' title='bbox 594 1295 933 1353; x_wconf 82' lang='lat' dir='ltr'>quodammodo</span> <span class='ocrx_word' id='word_1_96' title='bbox 960 1296 1113 1336; x_wconf 88' lang='lat' dir='ltr'>vivere</span> <span class='ocrx_word' id='word_1_97' title='bbox 1141 1292 1395 1335; x_wconf 88' lang='lat' dir='ltr'>videantur.</span> 
     </span>
    </p>
   </div>
   <div class='ocr_carea' id='block_1_6' title="bbox 98 1420 1642 2976">
    <p class='ocr_par' dir='ltr' id='par_1_6' title="bbox 98 1420 1642 2976">
     <span class='ocr_line' id='line_1_16' title="bbox 217 1420 1642 1483; baseline -0.004 -15"><span class='ocrx_word' id='word_1_98' title='bbox 217 1425 332 1468; x_wconf 91' lang='lat' dir='ltr'>Nam</span> <span class='ocrx_word' id='word_1_99' title='bbox 360 1425 559 1483; x_wconf 88' lang='lat' dir='ltr'>primum</span> <span class='ocrx_word' id='word_1_100' title='bbox 586 1423 642 1466; x_wconf 92' lang='lat' dir='ltr'>de</span> <span class='ocrx_word' id='word_1_101' title='bbox 670 1424 851 1466; x_wconf 88' lang='lat' dir='ltr'>illarum</span> <span class='ocrx_word' id='word_1_102' title='bbox 880 1438 1152 1482; x_wconf 87' lang='lat' dir='ltr'>unaquaque</span> <span class='ocrx_word' id='word_1_103' title='bbox 1181 1423 1286 1465; x_wconf 87' lang='lat' dir='ltr'>satis</span> <span class='ocrx_word' id='word_1_104' title='bbox 1315 1422 1456 1464; x_wconf 84' lang='lat' dir='ltr'>multa</span> <span class='ocrx_word' id='word_1_105' title='bbox 1482 1436 1505 1463; x_wconf 89' lang='lat' dir='ltr'>a</span> <span class='ocrx_word' id='word_1_106' title='bbox 1534 1420 1642 1463; x_wconf 88' lang='lat' dir='ltr'>Ver-</span> 
     </span>
     <span class='ocr_line' id='line_1_17' title="bbox 98 1492 1639 1554; baseline -0.003 -15"><span class='ocrx_word' id='word_1_107' title='bbox 98 1541 103 1546; x_wconf 22' lang='lat'>,</span> <span class='ocrx_word' id='word_1_108' title='bbox 159 1496 269 1554; x_wconf 82' lang='lat' dir='ltr'>gilio</span> <span class='ocrx_word' id='word_1_109' title='bbox 305 1496 545 1550; x_wconf 88' lang='lat' dir='ltr'>docemur,</span> <span class='ocrx_word' id='word_1_110' title='bbox 588 1496 670 1538; x_wconf 86' lang='lat' dir='ltr'>etsi</span> <span class='ocrx_word' id='word_1_111' title='bbox 720 1495 868 1553; x_wconf 89' lang='lat' dir='ltr'>primo</span> <span class='ocrx_word' id='word_1_112' title='bbox 911 1495 1130 1553; x_wconf 86' lang='lat' dir='ltr'>adspectu</span> <span class='ocrx_word' id='word_1_113' title='bbox 1170 1493 1373 1550; x_wconf 83' lang='lat' dir='ltr'>jejunius</span> <span class='ocrx_word' id='word_1_114' title='bbox 1411 1492 1639 1550; x_wconf 84' lang='lat' dir='ltr'>descripta</span> 
     </span>
     <span class='ocr_line' id='line_1_18' title="bbox 157 1563 1635 1626; baseline -0.004 -16"><span class='ocrx_word' id='word_1_115' title='bbox 157 1567 303 1610; x_wconf 87' lang='lat' dir='ltr'>videri</span> <span class='ocrx_word' id='word_1_116' title='bbox 320 1570 468 1626; x_wconf 91' lang='lat' dir='ltr'>potest</span> <span class='ocrx_word' id='word_1_117' title='bbox 488 1567 776 1618; x_wconf 81' lang='lat' dir='ltr'>feminarum,</span> <span class='ocrx_word' id='word_1_118' title='bbox 799 1566 853 1608; x_wconf 89' lang='lat' dir='ltr'>dc</span> <span class='ocrx_word' id='word_1_119' title='bbox 876 1566 1042 1624; x_wconf 87' lang='lat' dir='ltr'>quibus</span> <span class='ocrx_word' id='word_1_120' title='bbox 1070 1580 1188 1607; x_wconf 87' lang='grc'>1111110</span> <span class='ocrx_word' id='word_1_121' title='bbox 1216 1565 1427 1618; x_wconf 80' lang='lat' dir='ltr'>dicimus,</span> <span class='ocrx_word' id='word_1_122' title='bbox 1444 1563 1635 1605; x_wconf 89' lang='lat' dir='ltr'>indoles.</span> 
     </span>
     <span class='ocr_line' id='line_1_19' title="bbox 162 1635 1640 1695; baseline -0.003 -14"><span class='ocrx_word' id='word_1_123' title='bbox 162 1637 251 1681; x_wconf 86' lang='lat' dir='ltr'>Sed</span> <span class='ocrx_word' id='word_1_124' title='bbox 283 1638 399 1680; x_wconf 89' lang='lat' dir='ltr'>illud</span> <span class='ocrx_word' id='word_1_125' title='bbox 425 1637 809 1680; x_wconf 87' lang='lat' dir='ltr'>considerandum</span> <span class='ocrx_word' id='word_1_126' title='bbox 839 1642 906 1679; x_wconf 87' lang='lat' dir='ltr'>est</span> <span class='ocrx_word' id='word_1_127' title='bbox 933 1636 1056 1695; x_wconf 88' lang='lat' dir='ltr'>quod</span> <span class='ocrx_word' id='word_1_128' title='bbox 1087 1636 1315 1691; x_wconf 78' lang='lat' dir='ltr'>Vergilius</span> <span class='ocrx_word' id='word_1_129' title='bbox 1340 1650 1428 1677; x_wconf 88' lang='grc'>11011</span> <span class='ocrx_word' id='word_1_130' title='bbox 1457 1635 1640 1676; x_wconf 89' lang='lat' dir='ltr'>histori-</span> 
     </span>
     <span class='ocr_line' id='line_1_20' title="bbox 157 1706 1640 1766; baseline -0.003 -14"><span class='ocrx_word' id='word_1_131' title='bbox 157 1724 316 1753; x_wconf 87' lang='lat' dir='ltr'>corum</span> <span class='ocrx_word' id='word_1_132' title='bbox 365 1724 490 1752; x_wconf 92' lang='lat' dir='ltr'>more</span> <span class='ocrx_word' id='word_1_133' title='bbox 531 1709 577 1751; x_wconf 91' lang='lat' dir='ltr'>in</span> <span class='ocrx_word' id='word_1_134' title='bbox 618 1723 757 1751; x_wconf 91' lang='lat' dir='ltr'>unum</span> <span class='ocrx_word' id='word_1_135' title='bbox 805 1710 936 1766; x_wconf 80' lang='lat' dir='ltr'>quasi</span> <span class='ocrx_word' id='word_1_136' title='bbox 984 1722 1198 1750; x_wconf 83' lang='lat' dir='ltr'>acervum</span> <span class='ocrx_word' id='word_1_137' title='bbox 1240 1706 1465 1749; x_wconf 78' lang='lat' dir='ltr'>contrahit</span> <span class='ocrx_word' id='word_1_138' title='bbox 1504 1721 1640 1763; x_wconf 88' lang='lat' dir='ltr'>quae-</span> 
     </span>
     <span class='ocr_line' id='line_1_21' title="bbox 156 1777 1638 1839; baseline -0.003 -16"><span class='ocrx_word' id='word_1_139' title='bbox 156 1795 350 1839; x_wconf 87' lang='lat' dir='ltr'>cumque</span> <span class='ocrx_word' id='word_1_140' title='bbox 393 1780 532 1837; x_wconf 85' lang='lat' dir='ltr'>hujus</span> <span class='ocrx_word' id='word_1_141' title='bbox 585 1784 662 1823; x_wconf 88' lang='lat' dir='ltr'>aut</span> <span class='ocrx_word' id='word_1_142' title='bbox 712 1780 832 1823; x_wconf 93' lang='lat' dir='ltr'>illius</span> <span class='ocrx_word' id='word_1_143' title='bbox 884 1794 1108 1838; x_wconf 82' lang='lat' dir='ltr'>personae</span> <span class='ocrx_word' id='word_1_144' title='bbox 1160 1778 1360 1820; x_wconf 87' lang='lat' dir='ltr'>indolem</span> <span class='ocrx_word' id='word_1_145' title='bbox 1411 1777 1638 1819; x_wconf 83' lang='lat' dir='ltr'>illustrare</span> 
     </span>
     <span class='ocr_line' id='line_1_22' title="bbox 151 1848 1639 1911; baseline -0.004 -16"><span class='ocrx_word' id='word_1_146' title='bbox 151 1856 364 1911; x_wconf 87' lang='lat' dir='ltr'>possunt,</span> <span class='ocrx_word' id='word_1_147' title='bbox 406 1867 555 1910; x_wconf 87' lang='lat' dir='ltr'>neque</span> <span class='ocrx_word' id='word_1_148' title='bbox 584 1867 637 1895; x_wconf 91' lang='lat' dir='ltr'>ea</span> <span class='ocrx_word' id='word_1_149' title='bbox 664 1851 826 1905; x_wconf 88' lang='lat' dir='ltr'>semel,</span> <span class='ocrx_word' id='word_1_150' title='bbox 869 1850 1184 1907; x_wconf 80' lang='lat' dir='ltr'>Thucydidem</span> <span class='ocrx_word' id='word_1_151' title='bbox 1216 1849 1289 1891; x_wconf 85' lang='lat' dir='ltr'>vel</span> <span class='ocrx_word' id='word_1_152' title='bbox 1316 1848 1494 1891; x_wconf 86' lang='lat' dir='ltr'>Livium</span> <span class='ocrx_word' id='word_1_153' title='bbox 1537 1849 1639 1890; x_wconf 88' lang='lat' dir='ltr'>imi-</span> 
     </span>
     <span class='ocr_line' id='line_1_23' title="bbox 148 1920 1638 1982; baseline -0.003 -17"><span class='ocrx_word' id='word_1_154' title='bbox 148 1927 285 1971; x_wconf 75' lang='lat' dir='ltr'>tatus,</span> <span class='ocrx_word' id='word_1_155' title='bbox 316 1924 525 1982; x_wconf 82' lang='lat' dir='ltr'>exponit3</span> <span class='ocrx_word' id='word_1_156' title='bbox 561 1938 721 1965; x_wconf 87' lang='lat' dir='ltr'>verum</span> <span class='ocrx_word' id='word_1_157' title='bbox 749 1923 843 1966; x_wconf 86' lang='lat' dir='ltr'>sive</span> <span class='ocrx_word' id='word_1_158' title='bbox 872 1925 1118 1980; x_wconf 84' lang='lat' dir='ltr'>exspectat,</span> <span class='ocrx_word' id='word_1_159' title='bbox 1151 1920 1460 1963; x_wconf 81' lang='lat' dir='ltr'>scaenicorum</span> <span class='ocrx_word' id='word_1_160' title='bbox 1487 1920 1638 1977; x_wconf 90' lang='lat' dir='ltr'>potius</span> 
     </span>
     <span class='ocr_line' id='line_1_24' title="bbox 151 1990 1636 2052; baseline -0.002 -15"><span class='ocrx_word' id='word_1_161' title='bbox 151 1997 392 2052; x_wconf 86' lang='lat' dir='ltr'>poetarum</span> <span class='ocrx_word' id='word_1_162' title='bbox 417 1995 638 2037; x_wconf 86' lang='lat' dir='ltr'>rationem</span> <span class='ocrx_word' id='word_1_163' title='bbox 676 1995 721 2036; x_wconf 90' lang='grc'>111</span> <span class='ocrx_word' id='word_1_164' title='bbox 750 2008 802 2036; x_wconf 92' lang='lat' dir='ltr'>eo</span> <span class='ocrx_word' id='word_1_165' title='bbox 832 1998 1030 2046; x_wconf 89' lang='lat' dir='ltr'>secutus,</span> <span class='ocrx_word' id='word_1_166' title='bbox 1070 1992 1215 2034; x_wconf 87' lang='lat' dir='ltr'>donec</span> <span class='ocrx_word' id='word_1_167' title='bbox 1254 1990 1340 2033; x_wconf 89' lang='lat' dir='ltr'>sibi</span> <span class='ocrx_word' id='word_1_168' title='bbox 1367 1991 1636 2034; x_wconf 80' lang='lat' dir='ltr'>narrationis</span> 
     </span>
     <span class='ocr_line' id='line_1_25' title="bbox 149 2061 1639 2124; baseline -0.003 -16"><span class='ocrx_word' id='word_1_169' title='bbox 149 2066 292 2124; x_wconf 88' lang='lat' dir='ltr'>ipsius</span> <span class='ocrx_word' id='word_1_170' title='bbox 328 2069 485 2108; x_wconf 85' lang='lat' dir='ltr'>tenore</span> <span class='ocrx_word' id='word_1_171' title='bbox 524 2066 805 2124; x_wconf 83' lang='lat' dir='ltr'>praebeatur</span> <span class='ocrx_word' id='word_1_172' title='bbox 842 2065 1019 2107; x_wconf 82' lang='lat' dir='ltr'>occasio</span> <span class='ocrx_word' id='word_1_173' title='bbox 1046 2077 1292 2121; x_wconf 88' lang='lat' dir='ltr'>personam</span> <span class='ocrx_word' id='word_1_174' title='bbox 1320 2061 1549 2120; x_wconf 87' lang='lat' dir='ltr'>quandam</span> <span class='ocrx_word' id='word_1_175' title='bbox 1576 2063 1639 2104; x_wconf 89' lang='lat' dir='ltr'>ita</span> 
     </span>
     <span class='ocr_line' id='line_1_26' title="bbox 150 2133 1637 2195; baseline -0.003 -16"><span class='ocrx_word' id='word_1_176' title='bbox 150 2140 362 2192; x_wconf 78' lang='lat' dir='ltr'>agentem</span> <span class='ocrx_word' id='word_1_177' title='bbox 389 2140 433 2179; x_wconf 93' lang='lat' dir='ltr'>et</span> <span class='ocrx_word' id='word_1_178' title='bbox 458 2137 721 2195; x_wconf 86' lang='lat' dir='ltr'>loquentem</span> <span class='ocrx_word' id='word_1_179' title='bbox 748 2135 959 2189; x_wconf 82' lang='lat' dir='ltr'>faciendi,</span> <span class='ocrx_word' id='word_1_180' title='bbox 990 2139 1037 2177; x_wconf 91' lang='lat' dir='ltr'>ut</span> <span class='ocrx_word' id='word_1_181' title='bbox 1064 2134 1165 2176; x_wconf 90' lang='lat' dir='ltr'>talis</span> <span class='ocrx_word' id='word_1_182' title='bbox 1195 2148 1291 2176; x_wconf 91' lang='lat' dir='ltr'>esse</span> <span class='ocrx_word' id='word_1_183' title='bbox 1315 2133 1469 2175; x_wconf 88' lang='lat' dir='ltr'>lectori</span> <span class='ocrx_word' id='word_1_184' title='bbox 1496 2133 1637 2188; x_wconf 76' lang='lat' dir='ltr'>gestis</span> 
     </span>
     <span class='ocr_line' id='line_1_27' title="bbox 151 2204 1637 2266; baseline -0.004 -15"><span class='ocrx_word' id='word_1_185' title='bbox 151 2208 241 2252; x_wconf 91' lang='lat' dir='ltr'>suis</span> <span class='ocrx_word' id='word_1_186' title='bbox 279 2208 392 2266; x_wconf 89' lang='lat' dir='ltr'>ipsis</span> <span class='ocrx_word' id='word_1_187' title='bbox 428 2212 648 2266; x_wconf 86' lang='lat' dir='ltr'>appareat</span> <span class='ocrx_word' id='word_1_188' title='bbox 683 2208 867 2265; x_wconf 88' lang='lat' dir='ltr'>qualem</span> <span class='ocrx_word' id='word_1_189' title='bbox 907 2207 992 2248; x_wconf 84' lang='lat' dir='ltr'>sibi</span> <span class='ocrx_word' id='word_1_190' title='bbox 1030 2206 1223 2263; x_wconf 85' lang='lat' dir='ltr'>scriptor</span> <span class='ocrx_word' id='word_1_191' title='bbox 1260 2205 1357 2262; x_wconf 89' lang='lat' dir='ltr'>ipse</span> <span class='ocrx_word' id='word_1_192' title='bbox 1397 2204 1550 2257; x_wconf 76' lang='lat' dir='ltr'>finxit3</span> <span class='ocrx_word' id='word_1_193' title='bbox 1580 2231 1637 2235; x_wconf 81' lang='lat'><em>-</em></span> 
     </span>
     <span class='ocr_line' id='line_1_28' title="bbox 153 2275 1634 2336; baseline -0.002 -15"><span class='ocrx_word' id='word_1_194' title='bbox 153 2279 246 2321; x_wconf 90' lang='lat' dir='ltr'>sive</span> <span class='ocrx_word' id='word_1_195' title='bbox 297 2279 414 2321; x_wconf 85' lang='lat' dir='ltr'>inter</span> <span class='ocrx_word' id='word_1_196' title='bbox 452 2280 759 2321; x_wconf 87' lang='lat' dir='ltr'>narrationem</span> <span class='ocrx_word' id='word_1_197' title='bbox 810 2279 960 2336; x_wconf 85' lang='lat' dir='ltr'>ipsam</span> <span class='ocrx_word' id='word_1_198' title='bbox 1006 2277 1079 2318; x_wconf 90' lang='grc'>1110</span> <span class='ocrx_word' id='word_1_199' title='bbox 1128 2276 1222 2317; x_wconf 87' lang='grc'>11110</span> <span class='ocrx_word' id='word_1_200' title='bbox 1269 2275 1634 2318; x_wconf 86' lang='lat' dir='ltr'>observationem</span> 
     </span>
     <span class='ocr_line' id='line_1_29' title="bbox 153 2346 1636 2407; baseline -0.003 -15"><span class='ocrx_word' id='word_1_201' title='bbox 153 2349 384 2407; x_wconf 90' lang='lat' dir='ltr'>quandam</span> <span class='ocrx_word' id='word_1_202' title='bbox 418 2350 564 2406; x_wconf 83' lang='lat' dir='ltr'>injicit</span> <span class='ocrx_word' id='word_1_203' title='bbox 591 2354 667 2392; x_wconf 90' lang='lat' dir='ltr'>aut</span> <span class='ocrx_word' id='word_1_204' title='bbox 700 2350 887 2391; x_wconf 90' lang='lat' dir='ltr'>brevem</span> <span class='ocrx_word' id='word_1_205' title='bbox 915 2346 1363 2405; x_wconf 86' lang='lat' dir='ltr'>descriptiunculam,</span> <span class='ocrx_word' id='word_1_206' title='bbox 1403 2346 1473 2388; x_wconf 90' lang='lat' dir='ltr'>vel</span> <span class='ocrx_word' id='word_1_207' title='bbox 1500 2347 1636 2388; x_wconf 89' lang='lat' dir='ltr'>etiam</span> 
     </span>
     <span class='ocr_line' id='line_1_30' title="bbox 150 2417 1636 2478; baseline -0.004 -14"><span class='ocrx_word' id='word_1_208' title='bbox 150 2421 465 2464; x_wconf 75' lang='lat' dir='ltr'>tantummodo</span> <span class='ocrx_word' id='word_1_209' title='bbox 491 2421 708 2464; x_wconf 89' lang='lat' dir='ltr'>idoneum</span> <span class='ocrx_word' id='word_1_210' title='bbox 737 2419 1012 2478; x_wconf 85' lang='lat' dir='ltr'>epithetum,</span> <span class='ocrx_word' id='word_1_211' title='bbox 1044 2418 1208 2476; x_wconf 86' lang='lat' dir='ltr'>quibus</span> <span class='ocrx_word' id='word_1_212' title='bbox 1235 2417 1493 2473; x_wconf 77' lang='lat' dir='ltr'>legentibus</span> <span class='ocrx_word' id='word_1_213' title='bbox 1521 2432 1636 2475; x_wconf 89' lang='lat' dir='ltr'>pau-</span> 
     </span>
     <span class='ocr_line' id='line_1_31' title="bbox 147 2489 1636 2547; baseline -0.003 -12"><span class='ocrx_word' id='word_1_214' title='bbox 147 2492 275 2534; x_wconf 86' lang='lat' dir='ltr'>latim</span> <span class='ocrx_word' id='word_1_215' title='bbox 314 2496 372 2546; x_wconf 87' lang='lat' dir='ltr'>et,</span> <span class='ocrx_word' id='word_1_216' title='bbox 419 2497 467 2535; x_wconf 93' lang='lat' dir='ltr'>ut</span> <span class='ocrx_word' id='word_1_217' title='bbox 502 2493 564 2535; x_wconf 90' lang='lat' dir='ltr'>ita</span> <span class='ocrx_word' id='word_1_218' title='bbox 591 2492 756 2544; x_wconf 85' lang='lat' dir='ltr'>dicam,</span> <span class='ocrx_word' id='word_1_219' title='bbox 789 2491 996 2533; x_wconf 86' lang='lat' dir='ltr'>clanculo</span> <span class='ocrx_word' id='word_1_220' title='bbox 1030 2489 1276 2544; x_wconf 78' lang='lat' dir='ltr'>infigantur</span> <span class='ocrx_word' id='word_1_221' title='bbox 1302 2489 1515 2547; x_wconf 90' lang='lat' dir='ltr'>propriae</span> <span class='ocrx_word' id='word_1_222' title='bbox 1543 2490 1636 2532; x_wconf 90' lang='lat' dir='ltr'>sin-</span> 
     </span>
     <span class='ocr_line' id='line_1_32' title="bbox 145 2560 1638 2622; baseline -0.003 -16"><span class='ocrx_word' id='word_1_223' title='bbox 145 2563 356 2619; x_wconf 84' lang='lat' dir='ltr'>gularum</span> <span class='ocrx_word' id='word_1_224' title='bbox 395 2578 696 2622; x_wconf 88' lang='lat' dir='ltr'>personarum</span> <span class='ocrx_word' id='word_1_225' title='bbox 740 2562 906 2604; x_wconf 91' lang='lat' dir='ltr'>indolis</span> <span class='ocrx_word' id='word_1_226' title='bbox 947 2562 1238 2603; x_wconf 87' lang='lat' dir='ltr'>lineamenta.</span> <span class='ocrx_word' id='word_1_227' title='bbox 1295 2560 1463 2618; x_wconf 78' lang='lat' dir='ltr'>Sparsa</span> <span class='ocrx_word' id='word_1_228' title='bbox 1497 2561 1638 2615; x_wconf 77' lang='lat' dir='ltr'>igitur</span> 
     </span>
     <span class='ocr_line' id='line_1_33' title="bbox 148 2631 1634 2693; baseline -0.003 -15"><span class='ocrx_word' id='word_1_229' title='bbox 148 2634 433 2693; x_wconf 86' lang='lat' dir='ltr'>disjectaque</span> <span class='ocrx_word' id='word_1_230' title='bbox 463 2639 566 2677; x_wconf 90' lang='lat' dir='ltr'>sunt</span> <span class='ocrx_word' id='word_1_231' title='bbox 592 2649 675 2692; x_wconf 89' lang='lat' dir='ltr'>per</span> <span class='ocrx_word' id='word_1_232' title='bbox 692 2633 963 2685; x_wconf 79' lang='lat' dir='ltr'>Aeneidem,</span> <span class='ocrx_word' id='word_1_233' title='bbox 994 2631 1317 2689; x_wconf 88' lang='lat' dir='ltr'>interdumque</span> <span class='ocrx_word' id='word_1_234' title='bbox 1336 2632 1425 2673; x_wconf 86' lang='lat' dir='ltr'>alia</span> <span class='ocrx_word' id='word_1_235' title='bbox 1450 2631 1509 2673; x_wconf 88' lang='lat' dir='ltr'>ab</span> <span class='ocrx_word' id='word_1_236' title='bbox 1536 2632 1634 2673; x_wconf 88' lang='lat' dir='ltr'>aliis</span> 
     </span>
     <span class='ocr_line' id='line_1_34' title="bbox 145 2703 1636 2762; baseline -0.003 -14"><span class='ocrx_word' id='word_1_237' title='bbox 145 2705 327 2761; x_wconf 81' lang='lat' dir='ltr'>longius</span> <span class='ocrx_word' id='word_1_238' title='bbox 366 2710 542 2748; x_wconf 89' lang='lat' dir='ltr'>remota</span> <span class='ocrx_word' id='word_1_239' title='bbox 581 2706 668 2747; x_wconf 87' lang='lat' dir='ltr'>ista</span> <span class='ocrx_word' id='word_1_240' title='bbox 706 2705 837 2762; x_wconf 86' lang='lat' dir='ltr'>quasi</span> <span class='ocrx_word' id='word_1_241' title='bbox 872 2704 1077 2746; x_wconf 90' lang='lat' dir='ltr'>membra</span> <span class='ocrx_word' id='word_1_242' title='bbox 1115 2717 1414 2761; x_wconf 89' lang='lat' dir='ltr'>personarum</span> <span class='ocrx_word' id='word_1_243' title='bbox 1441 2703 1485 2744; x_wconf 89' lang='lat' dir='ltr'>in</span> <span class='ocrx_word' id='word_1_244' title='bbox 1514 2717 1636 2745; x_wconf 90' lang='lat' dir='ltr'>scae-</span> 
     </span>
     <span class='ocr_line' id='line_1_35' title="bbox 146 2773 1635 2833; baseline -0.004 -13"><span class='ocrx_word' id='word_1_245' title='bbox 146 2791 252 2819; x_wconf 87' lang='lat' dir='ltr'>nam</span> <span class='ocrx_word' id='word_1_246' title='bbox 272 2776 585 2829; x_wconf 68' lang='lat' dir='ltr'>inductarum,</span> <span class='ocrx_word' id='word_1_247' title='bbox 611 2790 727 2833; x_wconf 87' lang='lat' dir='ltr'>quae</span> <span class='ocrx_word' id='word_1_248' title='bbox 749 2780 902 2818; x_wconf 87' lang='lat' dir='ltr'>tamen</span> <span class='ocrx_word' id='word_1_249' title='bbox 926 2775 962 2817; x_wconf 88' lang='lat' dir='ltr'>si</span> <span class='ocrx_word' id='word_1_250' title='bbox 987 2773 1230 2816; x_wconf 86' lang='lat' dir='ltr'>recollecta</span> <span class='ocrx_word' id='word_1_251' title='bbox 1248 2774 1561 2827; x_wconf 85' lang='lat' dir='ltr'>connexueris,</span> <span class='ocrx_word' id='word_1_252' title='bbox 1579 2799 1635 2805; x_wconf 88' lang='lat'>—-</span> 
     </span>
     <span class='ocr_line' id='line_1_36' title="bbox 148 2845 1630 2904; baseline -0.003 -14"><span class='ocrx_word' id='word_1_253' title='bbox 148 2847 279 2890; x_wconf 88' lang='lat' dir='ltr'>sicuti</span> <span class='ocrx_word' id='word_1_254' title='bbox 305 2848 512 2890; x_wconf 88' lang='lat' dir='ltr'>mihimet</span> <span class='ocrx_word' id='word_1_255' title='bbox 539 2862 623 2903; x_wconf 77' lang='lat' dir='ltr'>ego</span> <span class='ocrx_word' id='word_1_256' title='bbox 651 2847 885 2904; x_wconf 90' lang='lat' dir='ltr'>proposui,</span> <span class='ocrx_word' id='word_1_257' title='bbox 909 2845 1275 2904; x_wconf 87' lang='lat' dir='ltr'>-—perspicuum</span> <span class='ocrx_word' id='word_1_258' title='bbox 1304 2849 1387 2899; x_wconf 76' lang='lat' dir='ltr'>est,</span> <span class='ocrx_word' id='word_1_259' title='bbox 1417 2845 1461 2887; x_wconf 92' lang='lat' dir='ltr'>ni</span> <span class='ocrx_word' id='word_1_260' title='bbox 1484 2845 1630 2897; x_wconf 84' lang='lat' dir='ltr'>fallor,</span> 
     </span>
     <span class='ocr_line' id='line_1_37' title="bbox 149 2917 1629 2976; baseline -0.001 -15"><span class='ocrx_word' id='word_1_261' title='bbox 149 2933 240 2976; x_wconf 85' lang='lat' dir='ltr'>qua</span> <span class='ocrx_word' id='word_1_262' title='bbox 264 2918 495 2974; x_wconf 76' lang='lat' dir='ltr'>Vergilius</span> <span class='ocrx_word' id='word_1_263' title='bbox 513 2934 635 2964; x_wconf 81' lang='lat' dir='ltr'>cura,</span> <span class='ocrx_word' id='word_1_264' title='bbox 664 2932 752 2975; x_wconf 87' lang='lat' dir='ltr'>qua</span> <span class='ocrx_word' id='word_1_265' title='bbox 770 2919 902 2974; x_wconf 81' lang='lat' dir='ltr'>eopia.</span> <span class='ocrx_word' id='word_1_266' title='bbox 931 2917 1144 2958; x_wconf 86' lang='lat' dir='ltr'>mulieres</span> <span class='ocrx_word' id='word_1_267' title='bbox 1175 2930 1279 2958; x_wconf 87' lang='lat' dir='ltr'>suas</span> <span class='ocrx_word' id='word_1_268' title='bbox 1306 2917 1629 2959; x_wconf 71' lang='lat' dir='ltr'>informaverit.</span> 
     </span>
    </p>
   </div>
  </div>
 </body>
</html>
