1889 3319
785 487 977 532 CAPUT
1022 487 1291 541 QUINTUM

912 636 976 680 DE
1010 636 1176 680 CREUSA

355 963 522 1006 Creusa
555 978 644 1006 non
678 963 824 1005 solum
859 963 914 1005 ad
951 964 1192 1006 utilitatem
1225 965 1361 1007 totius
1389 966 1613 1023 poematis
1641 966 1783 1009 multo

295 1036 430 1077 etiam
468 1035 616 1076 minus
653 1049 791 1092 quam
830 1034 963 1077 Anna
997 1034 1191 1088 confert,
1224 1035 1304 1077 sed
1332 1039 1375 1078 et
1401 1036 1525 1079 haud
1551 1037 1781 1080 immerito

292 1107 437 1164 possit
490 1106 655 1163 aliquis
696 1106 926 1163 inquirere
971 1120 1052 1148 cur
1098 1121 1198 1151 eam
1235 1107 1280 1148 in
1317 1108 1532 1150 Aeneidis
1577 1108 1781 1151 fabulam

292 1177 583 1219 introducere
611 1176 815 1232 Vergilio
845 1177 1082 1235 placuerit.
1114 1177 1271 1235 Neque
1300 1179 1514 1236 equidem
1550 1179 1684 1222 aliam
1716 1180 1783 1222 illi

291 1249 430 1291 fuisse
459 1262 641 1291 causam
670 1248 876 1290 existimo
912 1264 1048 1306 quain
1084 1248 1267 1291 fidelem
1296 1250 1445 1303 illam,
1481 1249 1680 1306 Vergilio
1708 1266 1783 1309 pe-

291 1320 523 1370 culiarem,
546 1319 813 1361 traditarum
839 1320 922 1361 sibi
951 1320 1008 1361 al)
1029 1321 1226 1378 antiquis
1249 1336 1401 1363 rerum
1425 1322 1776 1365 observantiam.

293 1389 402 1434 Cum
435 1392 553 1433 enim
582 1391 704 1449 apud
739 1391 1102 1449 postliouiericos
1136 1392 1379 1450 plerosque
1408 1392 1584 1435 dirutae
1619 1393 1781 1449 Trojae

290 1467 573 1516 narratores,
621 1462 863 1518 Trojanain
904 1463 1085 1505 Aeneae
1128 1478 1337 1517 uxorem,
1386 1464 1515 1506 sicuti
1555 1465 1780 1520 conjicere

289 1534 410 1587 licet,
450 1534 689 1587 inveniret,
727 1548 827 1575 eam
865 1534 1072 1576 omittere
1115 1534 1370 1592 priscarum
1408 1535 1780 1591 religiosissimus

292 1603 586 1647 historiarum
615 1609 770 1662 poeta,
799 1619 1063 1662 quanquam
1091 1604 1203 1647 nihil
1236 1605 1293 1648 ad
1326 1607 1612 1665 propositum
1646 1621 1779 1651 suum

290 1677 528 1734 profutura
556 1680 666 1729 erat,
696 1676 854 1718 noluit.

349 1747 514 1791 Variae
542 1751 694 1789 autem
723 1747 1007 1804 Cyclicorum
1033 1748 1311 1802 ferebantur,
1332 1753 1379 1791 ut
1401 1764 1540 1807 supra
1562 1749 1772 1802 vidimus,

288 1818 344 1861 de
382 1817 552 1861 Creusa
590 1819 787 1861 fabulae.
834 1820 1014 1877 Quippe
1057 1834 1195 1877 quam
1236 1821 1442 1862 nonnulli
1484 1821 1528 1862 in
1567 1821 1776 1863 exsilium

287 1905 390 1932 cum
419 1892 571 1931 Aenea
600 1890 849 1948 profectam
879 1890 1110 1932 dixissent.
1147 1891 1236 1933 Sed
1266 1890 1469 1947 Vergilio
1500 1906 1666 1947 magno
1693 1893 1776 1934 im-

286 1961 549 2019 pedimento
576 1962 735 2003 fuisset
762 1966 993 2019 superstes
1022 1961 1184 2017 trojani
1209 1961 1335 2004 ducis
1363 1977 1487 2004 uxor.
1513 1962 1776 2005 Ceterorum

286 2032 472 2090 quidem
509 2032 812 2088 Trojanorum
852 2032 1033 2075 Aeneae
1068 2033 1281 2075 comitum
1318 2034 1563 2090 conjuges¹
1592 2048 1694 2076 cum
1721 2034 1775 2075 iis

286 2117 430 2161 usque
465 2104 509 2145 in
546 2104 747 2146 Siciliam
781 2104 999 2159 navigare
1036 2118 1197 2162 passus
1236 2108 1322 2157 est,
1355 2105 1462 2162 quia
1494 2105 1620 2147 nulla
1646 2105 1774 2146 istius

285 2175 380 2219 sine
409 2176 589 2217 nomine
610 2176 770 2218 turbae
794 2190 900 2217 cura
924 2175 1101 2231 agenda
1120 2176 1203 2217 fuit
1223 2189 1231 2227 3
1260 2175 1340 2217 sed
1355 2176 1410 2217 de
1430 2176 1572 2218 nobili
1594 2176 1775 2234 profugi

285 2246 437 2288 herois
471 2246 665 2303 conjuge
707 2261 889 2304 semper
928 2247 1060 2290 silere
1095 2262 1184 2288 non
1221 2246 1462 2290 decuisset.
1493 2246 1623 2289 Adde
1651 2247 1774 2304 quod

285 2317 455 2359 diutius
507 2318 680 2360 servari
730 2316 895 2360 Creusa
949 2318 1189 2360 manifesto
1240 2333 1330 2359 non
1380 2319 1630 2375 potuisset,
1684 2332 1774 2376 qua

285 2388 471 2446 quidem
516 2392 756 2447 praesente
796 2389 871 2447 pio
912 2389 1092 2431 Aeneae
1128 2388 1317 2431 Didonis
1357 2389 1499 2431 amori
1533 2389 1772 2444 indulgere

283 2475 373 2503 non
400 2460 560 2502 fuisset
585 2460 797 2503 liberum.
830 2458 943 2503 Cum
967 2461 1106 2516 igitur
1133 2460 1269 2502 breve
1291 2464 1394 2518 post
1415 2465 1594 2518 ternpus
1616 2460 1771 2518 utique

283 2531 534 2574 amittenda
571 2531 739 2574 Creusa
780 2535 918 2584 esset,
951 2546 1038 2573 nou
1079 2532 1313 2574 meliorem
1354 2532 1635 2573 occasionem
1673 2546 1771 2573 esse

283 2603 575 2645 melioremve
612 2603 762 2645 locum
800 2602 899 2659 ejus
928 2603 1203 2645 amittendae
1238 2617 1376 2660 quam
1408 2606 1591 2660 captum
1629 2606 1671 2644 et
1706 2603 1771 2645 in-

283 2689 469 2717 censum
495 2673 632 2716 Ilium
651 2673 882 2730 Vergilius
911 2674 1245 2732 sapientissime
1276 2674 1465 2716 censuit.

325 2832 353 2864 1.
376 2833 469 2869 Aen.y
496 2831 534 2871 ΙΙ,
556 2831 635 2870 7973
665 2831 703 2870 V,
733 2831 889 2868 &Oi-682,
912 2831 1059 2863 700-75-3.
1092 2849 1132 2854 —-
1160 2832 1192 2863 C.
1225 2833 1389 2863 :mannum
1424 2833 1593 2871 Victorum,
1626 2834 1669 2865 (Ie
1690 2834 1769 2864 Ori-

281 2880 363 2923 9ine
384 2880 496 2921 (lentis
526 2889 706 2915 romanae,
731 2890 763 2911 ix
787 2889 794 2910 2
817 2894 874 2912 ιι...
896 2880 1106 2917 <Αριιντι5>
1129 2889 1198 2910 curn
1230 2881 1339 2910 multis
1372 2881 1491 2911 diversi
1522 2891 1619 2911 sexus
1648 2882 1767 2912 oraculi

282 2928 444 2958 admonitu
464 2927 583 2957 ltaliam
605 2928 684 2967 peut
703 2936 709 2965 3
731 2931 761 2956 ut
779 2927 871 2957 docet
892 2927 1075 2957 Alexandri·
1097 2927 1264 2966 Ephesius,
1287 2928 1342 2958 lit).
1368 2927 1377 2957 l
1398 2928 1479 2958 Belli
1501 2929 1643 2959 Marsici.
1669 2941 1682 2953 >v
