<?xml version="1.0" encoding="UTF-8"?>
<!DOCTYPE html PUBLIC "-//W3C//DTD XHTML 1.0 Transitional//EN"
    "http://www.w3.org/TR/xhtml1/DTD/xhtml1-transitional.dtd">
<html xmlns="http://www.w3.org/1999/xhtml" xml:lang="en" lang="en">
 <head>
  <title>
</title>
<meta http-equiv="Content-Type" content="text/html;charset=utf-8" />
  <meta name='ocr-system' content='tesseract 3.04.00' />
  <meta name='ocr-capabilities' content='ocr_page ocr_carea ocr_par ocr_line ocrx_word'/>
</head>
<body>
  <div class='ocr_page' id='page_1' title='image "./devergilioininfo00rbuoft_0100.png"; bbox 0 0 1889 3319; ppageno 0'>
   <div class='ocr_carea' id='block_1_1' title="bbox 232 170 1107 218">
    <p class='ocr_par' dir='ltr' id='par_1_1' title="bbox 232 170 1107 218">
     <span class='ocr_line' id='line_1_1' title="bbox 232 170 1107 218; baseline -0.002 0"><span class='ocrx_word' id='word_1_1' title='bbox 232 170 291 218; x_wconf 78' lang='lat'>80&#39;</span> <span class='ocrx_word' id='word_1_2' title='bbox 697 182 702 187; x_wconf 87' lang='grc'>’</span> <span class='ocrx_word' id='word_1_3' title='bbox 835 188 936 216; x_wconf 76' lang='lat' dir='ltr'><strong>PARS</strong></span> <span class='ocrx_word' id='word_1_4' title='bbox 969 188 1107 216; x_wconf 74' lang='lat' dir='ltr'>Paion.</span> 
     </span>
    </p>
   </div>
   <div class='ocr_carea' id='block_1_2' title="bbox 228 303 1719 1492">
    <p class='ocr_par' dir='ltr' id='par_1_2' title="bbox 228 303 1719 1492">
     <span class='ocr_line' id='line_1_2' title="bbox 229 303 1717 362; baseline -0.001 -13"><span class='ocrx_word' id='word_1_5' title='bbox 229 307 410 358; x_wconf 99' lang='lat' dir='ltr'>tricem,</span> <span class='ocrx_word' id='word_1_6' title='bbox 464 305 591 346; x_wconf 85' lang='lat' dir='ltr'>illam</span> <span class='ocrx_word' id='word_1_7' title='bbox 640 304 908 359; x_wconf 89' lang='lat' dir='ltr'>ingenuam,</span> <span class='ocrx_word' id='word_1_8' title='bbox 962 316 1232 357; x_wconf 77' lang='lat' dir='ltr'>generosam</span> <span class='ocrx_word' id='word_1_9' title='bbox 1288 303 1717 362; x_wconf 86' lang='lat' dir='ltr'>magnanimamque</span> 
     </span>
     <span class='ocr_line' id='line_1_3' title="bbox 230 374 1719 431; baseline -0.002 -11"><span class='ocrx_word' id='word_1_10' title='bbox 230 377 469 430; x_wconf 76' lang='lat' dir='ltr'>Didonem,</span> <span class='ocrx_word' id='word_1_11' title='bbox 499 375 664 431; x_wconf 76' lang='lat' dir='ltr'>frigide</span> <span class='ocrx_word' id='word_1_12' title='bbox 693 389 847 417; x_wconf 90' lang='lat' dir='ltr'>secum</span> <span class='ocrx_word' id='word_1_13' title='bbox 874 374 1146 425; x_wconf 78' lang='lat' dir='ltr'>deliberare,</span> <span class='ocrx_word' id='word_1_14' title='bbox 1177 377 1350 428; x_wconf 89' lang='lat' dir='ltr'>utrum,</span> <span class='ocrx_word' id='word_1_15' title='bbox 1381 389 1545 427; x_wconf 85' lang='lat' dir='ltr'>necne,</span> <span class='ocrx_word' id='word_1_16' title='bbox 1576 379 1719 418; x_wconf 84' lang='lat' dir='ltr'>exter-</span> 
     </span>
     <span class='ocr_line' id='line_1_4' title="bbox 229 445 1718 506; baseline -0.001 -15"><span class='ocrx_word' id='word_1_17' title='bbox 229 463 339 491; x_wconf 88' lang='lat' dir='ltr'>num</span> <span class='ocrx_word' id='word_1_18' title='bbox 365 448 593 506; x_wconf 81' lang='lat' dir='ltr'>hospitem</span> <span class='ocrx_word' id='word_1_19' title='bbox 621 461 752 490; x_wconf 91' lang='lat' dir='ltr'>suum</span> <span class='ocrx_word' id='word_1_20' title='bbox 779 446 984 489; x_wconf 89' lang='lat' dir='ltr'>comitari</span> <span class='ocrx_word' id='word_1_21' title='bbox 1012 445 1191 498; x_wconf 89' lang='lat' dir='ltr'>debeat,</span> <span class='ocrx_word' id='word_1_22' title='bbox 1223 445 1292 488; x_wconf 90' lang='lat' dir='ltr'>vel</span> <span class='ocrx_word' id='word_1_23' title='bbox 1319 446 1455 488; x_wconf 83' lang='lat' dir='ltr'>etiam</span> <span class='ocrx_word' id='word_1_24' title='bbox 1482 461 1639 491; x_wconf 80' lang='lat' dir='ltr'>servae</span> <span class='ocrx_word' id='word_1_25' title='bbox 1667 461 1718 489; x_wconf 90' lang='lat' dir='ltr'>ac</span> 
     </span>
     <span class='ocr_line' id='line_1_5' title="bbox 229 511 1714 578; baseline -0.003 -16"><span class='ocrx_word' id='word_1_26' title='bbox 229 520 405 578; x_wconf 86' lang='lat' dir='ltr'>pellicis</span> <span class='ocrx_word' id='word_1_27' title='bbox 444 511 560 561; x_wconf 81' lang='lat' dir='ltr'>ritu!</span> <span class='ocrx_word' id='word_1_28' title='bbox 602 518 763 576; x_wconf 86' lang='lat' dir='ltr'>Apage</span> <span class='ocrx_word' id='word_1_29' title='bbox 813 518 942 560; x_wconf 88' lang='lat' dir='ltr'>istius</span> <span class='ocrx_word' id='word_1_30' title='bbox 976 516 1099 560; x_wconf 85' lang='lat' dir='ltr'>modi</span> <span class='ocrx_word' id='word_1_31' title='bbox 1143 518 1650 575; x_wconf 74' lang='lat' dir='ltr'>interpretationeml...</span> <span class='ocrx_word' id='word_1_32' title='bbox 1695 536 1714 558; x_wconf 85' lang='lat'>»</span> 
     </span>
     <span class='ocr_line' id='line_1_6' title="bbox 229 588 1719 649; baseline -0.001 -15"><span class='ocrx_word' id='word_1_33' title='bbox 229 591 364 635; x_wconf 88' lang='lat' dir='ltr'>Istius</span> <span class='ocrx_word' id='word_1_34' title='bbox 384 590 509 633; x_wconf 88' lang='lat' dir='ltr'>modi</span> <span class='ocrx_word' id='word_1_35' title='bbox 522 594 676 633; x_wconf 87' lang='lat' dir='ltr'>tamen</span> <span class='ocrx_word' id='word_1_36' title='bbox 693 589 1007 647; x_wconf 76' lang='lat' dir='ltr'>interpretatio</span> <span class='ocrx_word' id='word_1_37' title='bbox 1034 592 1158 631; x_wconf 85' lang='lat' dir='ltr'>extra</span> <span class='ocrx_word' id='word_1_38' title='bbox 1178 588 1367 631; x_wconf 81' lang='lat' dir='ltr'>dubium</span> <span class='ocrx_word' id='word_1_39' title='bbox 1389 590 1589 647; x_wconf 83' lang='lat' dir='ltr'>ponitur,</span> <span class='ocrx_word' id='word_1_40' title='bbox 1608 606 1719 649; x_wconf 87' lang='lat' dir='ltr'>quo-</span> 
     </span>
     <span class='ocr_line' id='line_1_7' title="bbox 228 658 1717 718; baseline -0.001 -13"><span class='ocrx_word' id='word_1_41' title='bbox 228 663 347 705; x_wconf 85' lang='lat' dir='ltr'>niam</span> <span class='ocrx_word' id='word_1_42' title='bbox 378 677 467 705; x_wconf 89' lang='lat' dir='ltr'>non</span> <span class='ocrx_word' id='word_1_43' title='bbox 496 661 642 704; x_wconf 86' lang='lat' dir='ltr'>solum</span> <span class='ocrx_word' id='word_1_44' title='bbox 674 660 828 718; x_wconf 86' lang='lat' dir='ltr'>aliqua</span> <span class='ocrx_word' id='word_1_45' title='bbox 867 658 1009 702; x_wconf 83' lang='lat' dir='ltr'>verba</span> <span class='ocrx_word' id='word_1_46' title='bbox 1047 658 1102 701; x_wconf 90' lang='lat' dir='ltr'>de</span> <span class='ocrx_word' id='word_1_47' title='bbox 1141 659 1228 702; x_wconf 86' lang='lat' dir='ltr'>hoc</span> <span class='ocrx_word' id='word_1_48' title='bbox 1260 659 1408 702; x_wconf 86' lang='lat' dir='ltr'>obiter</span> <span class='ocrx_word' id='word_1_49' title='bbox 1435 660 1588 716; x_wconf 83' lang='lat' dir='ltr'>jacere</span> <span class='ocrx_word' id='word_1_50' title='bbox 1618 676 1717 704; x_wconf 86' lang='lat' dir='ltr'>eam</span> 
     </span>
     <span class='ocr_line' id='line_1_8' title="bbox 228 730 1717 788; baseline -0.001 -13"><span class='ocrx_word' id='word_1_51' title='bbox 228 732 460 788; x_wconf 84' lang='lat' dir='ltr'>Vergilius</span> <span class='ocrx_word' id='word_1_52' title='bbox 486 731 608 783; x_wconf 80' lang='lat' dir='ltr'>fecit,</span> <span class='ocrx_word' id='word_1_53' title='bbox 647 730 727 773; x_wconf 89' lang='lat' dir='ltr'>sed</span> <span class='ocrx_word' id='word_1_54' title='bbox 767 730 884 772; x_wconf 86' lang='lat' dir='ltr'>serio</span> <span class='ocrx_word' id='word_1_55' title='bbox 925 744 1022 772; x_wconf 88' lang='lat' dir='ltr'>sese</span> <span class='ocrx_word' id='word_1_56' title='bbox 1060 730 1208 787; x_wconf 87' lang='lat' dir='ltr'>ipsam</span> <span class='ocrx_word' id='word_1_57' title='bbox 1246 730 1528 787; x_wconf 84' lang='lat' dir='ltr'>interrogare</span> <span class='ocrx_word' id='word_1_58' title='bbox 1565 735 1717 774; x_wconf 89' lang='lat' dir='ltr'>utrum</span> 
     </span>
     <span class='ocr_line' id='line_1_9' title="bbox 228 801 1718 858; baseline -0.001 -10"><span class='ocrx_word' id='word_1_59' title='bbox 228 805 321 848; x_wconf 81' lang='lat' dir='ltr'>sola</span> <span class='ocrx_word' id='word_1_60' title='bbox 364 805 568 846; x_wconf 80' lang='lat' dir='ltr'>Aeneam</span> <span class='ocrx_word' id='word_1_61' title='bbox 607 805 819 847; x_wconf 83' lang='lat' dir='ltr'>secutura</span> <span class='ocrx_word' id='word_1_62' title='bbox 857 802 933 854; x_wconf 87' lang='lat' dir='ltr'>sit,</span> <span class='ocrx_word' id='word_1_63' title='bbox 977 816 1034 843; x_wconf 86' lang='lat' dir='ltr'>an</span> <span class='ocrx_word' id='word_1_64' title='bbox 1071 805 1213 844; x_wconf 87' lang='lat' dir='ltr'>totam</span> <span class='ocrx_word' id='word_1_65' title='bbox 1252 801 1491 858; x_wconf 71' lang='lat' dir='ltr'>Tyriorum</span> <span class='ocrx_word' id='word_1_66' title='bbox 1532 818 1718 846; x_wconf 89' lang='lat' dir='ltr'>suorum</span> 
     </span>
     <span class='ocr_line' id='line_1_10' title="bbox 228 872 1718 933; baseline 0 -14"><span class='ocrx_word' id='word_1_67' title='bbox 228 880 411 933; x_wconf 79' lang='lat' dir='ltr'>gentem</span> <span class='ocrx_word' id='word_1_68' title='bbox 439 889 592 918; x_wconf 87' lang='lat' dir='ltr'>secum</span> <span class='ocrx_word' id='word_1_69' title='bbox 615 873 923 916; x_wconf 84' lang='lat' dir='ltr'>abductura...</span> <span class='ocrx_word' id='word_1_70' title='bbox 947 872 1242 915; x_wconf 85' lang='lat' dir='ltr'>Obliviscitur</span> <span class='ocrx_word' id='word_1_71' title='bbox 1260 873 1462 930; x_wconf 87' lang='lat' dir='ltr'>profecto</span> <span class='ocrx_word' id='word_1_72' title='bbox 1485 873 1718 930; x_wconf 78' lang='lat' dir='ltr'>dignitatis</span> 
     </span>
     <span class='ocr_line' id='line_1_11' title="bbox 230 943 1718 1004; baseline -0.001 -14"><span class='ocrx_word' id='word_1_73' title='bbox 230 962 354 1000; x_wconf 85' lang='lat' dir='ltr'>suae,</span> <span class='ocrx_word' id='word_1_74' title='bbox 387 946 705 1004; x_wconf 84' lang='lat' dir='ltr'>desperatione</span> <span class='ocrx_word' id='word_1_75' title='bbox 736 963 755 984; x_wconf 90' lang='lat'>«</span> <span class='ocrx_word' id='word_1_76' title='bbox 783 944 976 1002; x_wconf 87' lang='lat' dir='ltr'>perdita,</span> <span class='ocrx_word' id='word_1_77' title='bbox 1011 963 1030 983; x_wconf 89' lang='lat'>»</span> <span class='ocrx_word' id='word_1_78' title='bbox 1060 943 1319 986; x_wconf 85' lang='lat' dir='ltr'>Poenorum</span> <span class='ocrx_word' id='word_1_79' title='bbox 1347 945 1526 1001; x_wconf 81' lang='lat' dir='ltr'>regina;</span> <span class='ocrx_word' id='word_1_80' title='bbox 1558 961 1718 989; x_wconf 87' lang='lat' dir='ltr'>verum</span> 
     </span>
     <span class='ocr_line' id='line_1_12' title="bbox 228 1014 1717 1075; baseline -0.001 -12"><span class='ocrx_word' id='word_1_81' title='bbox 228 1019 458 1075; x_wconf 87' lang='lat' dir='ltr'>Vergilius</span> <span class='ocrx_word' id='word_1_82' title='bbox 492 1017 617 1059; x_wconf 86' lang='lat' dir='ltr'>novit</span> <span class='ocrx_word' id='word_1_83' title='bbox 648 1018 920 1073; x_wconf 87' lang='lat' dir='ltr'>flagitiosam</span> <span class='ocrx_word' id='word_1_84' title='bbox 949 1016 1175 1058; x_wconf 84' lang='lat' dir='ltr'>humanae</span> <span class='ocrx_word' id='word_1_85' title='bbox 1209 1014 1476 1070; x_wconf 74' lang='lat' dir='ltr'>voluntatis,</span> <span class='ocrx_word' id='word_1_86' title='bbox 1507 1018 1717 1075; x_wconf 87' lang='lat' dir='ltr'>quotiens</span> 
     </span>
     <span class='ocr_line' id='line_1_13' title="bbox 229 1088 1712 1150; baseline -0.001 -16"><span class='ocrx_word' id='word_1_87' title='bbox 229 1091 478 1150; x_wconf 87' lang='lat' dir='ltr'>cupiditate</span> <span class='ocrx_word' id='word_1_88' title='bbox 511 1093 703 1146; x_wconf 89' lang='lat' dir='ltr'>urgente</span> <span class='ocrx_word' id='word_1_89' title='bbox 738 1088 941 1140; x_wconf 82' lang='lat' dir='ltr'>deerrat,</span> <span class='ocrx_word' id='word_1_90' title='bbox 978 1088 1229 1143; x_wconf 78' lang='lat' dir='ltr'>ignaviam,</span> <span class='ocrx_word' id='word_1_91' title='bbox 1263 1093 1326 1142; x_wconf 89' lang='lat' dir='ltr'>et,</span> <span class='ocrx_word' id='word_1_92' title='bbox 1362 1093 1411 1132; x_wconf 90' lang='lat' dir='ltr'>ut</span> <span class='ocrx_word' id='word_1_93' title='bbox 1447 1090 1508 1131; x_wconf 89' lang='lat' dir='ltr'>ita</span> <span class='ocrx_word' id='word_1_94' title='bbox 1541 1089 1712 1143; x_wconf 85' lang='lat' dir='ltr'>dicam,</span> 
     </span>
     <span class='ocr_line' id='line_1_14' title="bbox 230 1160 1717 1220; baseline -0.001 -14"><span class='ocrx_word' id='word_1_95' title='bbox 230 1163 416 1216; x_wconf 84' lang='lat' dir='ltr'>sordes;</span> <span class='ocrx_word' id='word_1_96' title='bbox 460 1176 573 1220; x_wconf 87' lang='lat' dir='ltr'>quas</span> <span class='ocrx_word' id='word_1_97' title='bbox 611 1160 797 1219; x_wconf 90' lang='lat' dir='ltr'>quidem</span> <span class='ocrx_word' id='word_1_98' title='bbox 837 1174 941 1202; x_wconf 86' lang='lat' dir='ltr'>cum</span> <span class='ocrx_word' id='word_1_99' title='bbox 981 1160 1301 1218; x_wconf 86' lang='lat' dir='ltr'>philosophica</span> <span class='ocrx_word' id='word_1_100' title='bbox 1339 1161 1538 1219; x_wconf 84' lang='lat' dir='ltr'>quadam</span> <span class='ocrx_word' id='word_1_101' title='bbox 1579 1162 1717 1205; x_wconf 91' lang='lat' dir='ltr'>incle-</span> 
     </span>
     <span class='ocr_line' id='line_1_15' title="bbox 229 1230 1714 1290; baseline -0.001 -13"><span class='ocrx_word' id='word_1_102' title='bbox 229 1235 398 1277; x_wconf 87' lang='lat' dir='ltr'>mentia</span> <span class='ocrx_word' id='word_1_103' title='bbox 430 1233 630 1276; x_wconf 83' lang='lat' dir='ltr'>reclusas</span> <span class='ocrx_word' id='word_1_104' title='bbox 658 1230 982 1290; x_wconf 16' lang='lat' dir='ltr'>,philosophiae</span> <span class='ocrx_word' id='word_1_105' title='bbox 1023 1231 1251 1276; x_wconf 86' lang='lat' dir='ltr'>studiosus</span> <span class='ocrx_word' id='word_1_106' title='bbox 1289 1236 1425 1290; x_wconf 85' lang='lat' dir='ltr'>poeta</span> <span class='ocrx_word' id='word_1_107' title='bbox 1451 1232 1714 1276; x_wconf 85' lang='lat' dir='ltr'>denudavit.</span> 
     </span>
     <span class='ocr_line' id='line_1_16' title="bbox 229 1302 1718 1364; baseline -0.001 -15"><span class='ocrx_word' id='word_1_108' title='bbox 229 1306 286 1349; x_wconf 90' lang='lat' dir='ltr'>Et</span> <span class='ocrx_word' id='word_1_109' title='bbox 311 1321 366 1348; x_wconf 87' lang='lat' dir='ltr'>ea</span> <span class='ocrx_word' id='word_1_110' title='bbox 390 1305 489 1364; x_wconf 84' lang='lat' dir='ltr'>ipsa</span> <span class='ocrx_word' id='word_1_111' title='bbox 517 1307 620 1347; x_wconf 85' lang='lat' dir='ltr'>sunt</span> <span class='ocrx_word' id='word_1_112' title='bbox 646 1318 763 1362; x_wconf 87' lang='lat' dir='ltr'>quae</span> <span class='ocrx_word' id='word_1_113' title='bbox 790 1302 1045 1358; x_wconf 73' lang='lat' dir='ltr'>Vergilium</span> <span class='ocrx_word' id='word_1_114' title='bbox 1072 1302 1262 1358; x_wconf 90' lang='lat' dir='ltr'>dignum</span> <span class='ocrx_word' id='word_1_115' title='bbox 1290 1303 1487 1346; x_wconf 82' lang='lat' dir='ltr'>efficiant</span> <span class='ocrx_word' id='word_1_116' title='bbox 1513 1305 1590 1362; x_wconf 85' lang='lat' dir='ltr'>qui</span> <span class='ocrx_word' id='word_1_117' title='bbox 1615 1319 1718 1347; x_wconf 92' lang='lat' dir='ltr'>cum</span> 
     </span>
     <span class='ocr_line' id='line_1_17' title="bbox 230 1375 1719 1428; baseline -0.001 -8"><span class='ocrx_word' id='word_1_118' title='bbox 230 1377 440 1420; x_wconf 90' lang='lat' dir='ltr'>Lucretio</span> <span class='ocrx_word' id='word_1_119' title='bbox 478 1376 762 1428; x_wconf 76' lang='lat' dir='ltr'>conferatur3</span> <span class='ocrx_word' id='word_1_120' title='bbox 800 1375 853 1416; x_wconf 83' lang='lat' dir='ltr'>iis</span> <span class='ocrx_word' id='word_1_121' title='bbox 888 1375 1082 1417; x_wconf 77' lang='lat' dir='ltr'>maxime</span> <span class='ocrx_word' id='word_1_122' title='bbox 1116 1378 1308 1417; x_wconf 84' lang='lat' dir='ltr'>testatur</span> <span class='ocrx_word' id='word_1_123' title='bbox 1339 1376 1383 1417; x_wconf 92' lang='lat' dir='ltr'>in</span> <span class='ocrx_word' id='word_1_124' title='bbox 1410 1376 1521 1418; x_wconf 90' lang='lat' dir='ltr'>locis</span> <span class='ocrx_word' id='word_1_125' title='bbox 1555 1391 1601 1419; x_wconf 93' lang='lat' dir='ltr'>se</span> <span class='ocrx_word' id='word_1_126' title='bbox 1630 1391 1719 1419; x_wconf 89' lang='lat' dir='ltr'>non</span> 
     </span>
     <span class='ocr_line' id='line_1_18' title="bbox 230 1446 975 1492; baseline -0.004 0"><span class='ocrx_word' id='word_1_127' title='bbox 230 1464 406 1492; x_wconf 87' lang='lat' dir='ltr'>merum</span> <span class='ocrx_word' id='word_1_128' title='bbox 435 1447 794 1492; x_wconf 82' lang='lat' dir='ltr'>Alexandrinum</span> <span class='ocrx_word' id='word_1_129' title='bbox 822 1446 975 1489; x_wconf 80' lang='lat' dir='ltr'>fuisse.</span> 
     </span>
    </p>
   </div>
   <div class='ocr_carea' id='block_1_3' title="bbox 229 1578 1724 2279">
    <p class='ocr_par' dir='ltr' id='par_1_3' title="bbox 229 1578 1724 2279">
     <span class='ocr_line' id='line_1_19' title="bbox 290 1578 1720 1636; baseline 0.001 -14"><span class='ocrx_word' id='word_1_130' title='bbox 290 1581 383 1622; x_wconf 74' lang='lat' dir='ltr'>Nec</span> <span class='ocrx_word' id='word_1_131' title='bbox 428 1580 573 1636; x_wconf 75' lang='lat' dir='ltr'>magis</span> <span class='ocrx_word' id='word_1_132' title='bbox 617 1578 820 1621; x_wconf 83' lang='lat' dir='ltr'>involuta</span> <span class='ocrx_word' id='word_1_133' title='bbox 859 1582 936 1621; x_wconf 85' lang='lat' dir='ltr'>aut</span> <span class='ocrx_word' id='word_1_134' title='bbox 980 1578 1219 1620; x_wconf 87' lang='lat' dir='ltr'>imminuta</span> <span class='ocrx_word' id='word_1_135' title='bbox 1262 1579 1430 1621; x_wconf 89' lang='lat' dir='ltr'>eminet</span> <span class='ocrx_word' id='word_1_136' title='bbox 1470 1594 1492 1621; x_wconf 91' lang='lat' dir='ltr'>e</span> <span class='ocrx_word' id='word_1_137' title='bbox 1532 1579 1720 1624; x_wconf 90' lang='lat' dir='ltr'>Didonis</span> 
     </span>
     <span class='ocr_line' id='line_1_20' title="bbox 230 1650 1720 1711; baseline 0.001 -17"><span class='ocrx_word' id='word_1_138' title='bbox 230 1652 429 1711; x_wconf 79' lang='lat' dir='ltr'>querelis</span> <span class='ocrx_word' id='word_1_139' title='bbox 471 1651 549 1693; x_wconf 90' lang='lat' dir='ltr'>illa</span> <span class='ocrx_word' id='word_1_140' title='bbox 590 1651 778 1692; x_wconf 85' lang='lat' dir='ltr'>humani</span> <span class='ocrx_word' id='word_1_141' title='bbox 819 1650 978 1702; x_wconf 86' lang='lat' dir='ltr'>animi,</span> <span class='ocrx_word' id='word_1_142' title='bbox 1028 1650 1210 1707; x_wconf 87' lang='lat' dir='ltr'>quando</span> <span class='ocrx_word' id='word_1_143' title='bbox 1260 1651 1518 1694; x_wconf 78' lang='lat' dir='ltr'>vehementi</span> <span class='ocrx_word' id='word_1_144' title='bbox 1563 1651 1720 1695; x_wconf 90' lang='lat' dir='ltr'>dolore</span> 
     </span>
     <span class='ocr_line' id='line_1_21' title="bbox 230 1721 1722 1780; baseline 0 -14"><span class='ocrx_word' id='word_1_145' title='bbox 230 1723 544 1775; x_wconf 79' lang='lat' dir='ltr'>conturbatur,</span> <span class='ocrx_word' id='word_1_146' title='bbox 576 1721 795 1780; x_wconf 84' lang='lat' dir='ltr'>probrosa</span> <span class='ocrx_word' id='word_1_147' title='bbox 826 1721 1131 1765; x_wconf 63' lang='lat' dir='ltr'>insswcillitas.</span> <span class='ocrx_word' id='word_1_148' title='bbox 1164 1722 1254 1765; x_wconf 84' lang='lat' dir='ltr'>Cur</span> <span class='ocrx_word' id='word_1_149' title='bbox 1282 1723 1401 1765; x_wconf 90' lang='lat' dir='ltr'>enim</span> <span class='ocrx_word' id='word_1_150' title='bbox 1422 1722 1492 1767; x_wconf 86' lang='lat' dir='ltr'>bis</span> <span class='ocrx_word' id='word_1_151' title='bbox 1520 1723 1722 1766; x_wconf 81' lang='lat' dir='ltr'>Aeneam</span> 
     </span>
     <span class='ocr_line' id='line_1_22' title="bbox 229 1793 1722 1852; baseline 0 -14"><span class='ocrx_word' id='word_1_152' title='bbox 229 1795 309 1838; x_wconf 85' lang='lat' dir='ltr'>illa</span> <span class='ocrx_word' id='word_1_153' title='bbox 335 1799 433 1837; x_wconf 88' lang='lat' dir='ltr'>orat</span> <span class='ocrx_word' id='word_1_154' title='bbox 460 1810 514 1836; x_wconf 89' lang='lat' dir='ltr'>ne</span> <span class='ocrx_word' id='word_1_155' title='bbox 543 1794 694 1836; x_wconf 85' lang='lat' dir='ltr'>statim</span> <span class='ocrx_word' id='word_1_156' title='bbox 723 1793 1051 1851; x_wconf 72' lang='lat' dir='ltr'>proficiscatur,</span> <span class='ocrx_word' id='word_1_157' title='bbox 1084 1808 1324 1851; x_wconf 84' lang='lat' dir='ltr'>morasque</span> <span class='ocrx_word' id='word_1_158' title='bbox 1353 1795 1583 1852; x_wconf 76' lang='lat' dir='ltr'>postulat?</span> <span class='ocrx_word' id='word_1_159' title='bbox 1604 1796 1722 1838; x_wconf 80' lang='lat' dir='ltr'>Num</span> 
     </span>
     <span class='ocr_line' id='line_1_23' title="bbox 230 1865 1723 1924; baseline 0 -15"><span class='ocrx_word' id='word_1_160' title='bbox 230 1866 499 1909; x_wconf 72' lang='lat' dir='ltr'>insidiatum</span> <span class='ocrx_word' id='word_1_161' title='bbox 539 1865 766 1921; x_wconf 82' lang='lat' dir='ltr'>Trojanis‚</span> <span class='ocrx_word' id='word_1_162' title='bbox 796 1865 911 1908; x_wconf 84' lang='lat' dir='ltr'>sicut</span> <span class='ocrx_word' id='word_1_163' title='bbox 936 1865 1118 1907; x_wconf 73' lang='lat' dir='ltr'>Aeneae</span> <span class='ocrx_word' id='word_1_164' title='bbox 1153 1865 1404 1908; x_wconf 80' lang='lat' dir='ltr'>Mercurius</span> <span class='ocrx_word' id='word_1_165' title='bbox 1441 1867 1723 1924; x_wconf 83' lang='lat' dir='ltr'>persuadet?</span> 
     </span>
     <span class='ocr_line' id='line_1_24' title="bbox 231 1937 1721 1995; baseline 0.001 -15"><span class='ocrx_word' id='word_1_166' title='bbox 231 1938 351 1981; x_wconf 90' lang='lat' dir='ltr'>Num</span> <span class='ocrx_word' id='word_1_167' title='bbox 378 1938 506 1980; x_wconf 87' lang='lat' dir='ltr'>dolos</span> <span class='ocrx_word' id='word_1_168' title='bbox 536 1937 768 1989; x_wconf 85' lang='lat' dir='ltr'>meditata,</span> <span class='ocrx_word' id='word_1_169' title='bbox 801 1937 916 1979; x_wconf 76' lang='lat' dir='ltr'>sieut</span> <span class='ocrx_word' id='word_1_170' title='bbox 943 1940 987 1979; x_wconf 90' lang='lat' dir='ltr'>et</span> <span class='ocrx_word' id='word_1_171' title='bbox 1022 1937 1162 1995; x_wconf 87' lang='lat' dir='ltr'>inepti</span> <span class='ocrx_word' id='word_1_172' title='bbox 1200 1941 1578 1981; x_wconf 84' lang='lat' dir='ltr'>commentatores</span> <span class='ocrx_word' id='word_1_173' title='bbox 1616 1953 1721 1981; x_wconf 91' lang='lat' dir='ltr'>cen-</span> 
     </span>
     <span class='ocr_line' id='line_1_25' title="bbox 232 2008 1724 2068; baseline 0 -16"><span class='ocrx_word' id='word_1_174' title='bbox 232 2009 453 2052; x_wconf 78' lang='lat' dir='ltr'>suerunt?</span> <span class='ocrx_word' id='word_1_175' title='bbox 481 2009 665 2051; x_wconf 89' lang='lat' dir='ltr'>Minime</span> <span class='ocrx_word' id='word_1_176' title='bbox 704 2022 841 2061; x_wconf 77' lang='lat' dir='ltr'>vero3</span> <span class='ocrx_word' id='word_1_177' title='bbox 878 2022 982 2049; x_wconf 86' lang='lat' dir='ltr'>nam</span> <span class='ocrx_word' id='word_1_178' title='bbox 1020 2008 1093 2050; x_wconf 79' lang='lat' dir='ltr'>vix</span> <span class='ocrx_word' id='word_1_179' title='bbox 1134 2009 1348 2066; x_wconf 82' lang='lat' dir='ltr'>perbrevi</span> <span class='ocrx_word' id='word_1_180' title='bbox 1382 2010 1602 2068; x_wconf 87' lang='lat' dir='ltr'>temporis</span> <span class='ocrx_word' id='word_1_181' title='bbox 1631 2025 1724 2052; x_wconf 92' lang='lat' dir='ltr'>mo-</span> 
     </span>
     <span class='ocr_line' id='line_1_26' title="bbox 230 2080 1722 2138; baseline 0.001 -15"><span class='ocrx_word' id='word_1_182' title='bbox 230 2085 383 2123; x_wconf 87' lang='lat' dir='ltr'>mento</span> <span class='ocrx_word' id='word_1_183' title='bbox 406 2084 449 2123; x_wconf 89' lang='lat' dir='ltr'>ct</span> <span class='ocrx_word' id='word_1_184' title='bbox 474 2081 519 2122; x_wconf 93' lang='lat' dir='ltr'>in</span> <span class='ocrx_word' id='word_1_185' title='bbox 547 2096 681 2122; x_wconf 88' lang='lat' dir='ltr'>caeco</span> <span class='ocrx_word' id='word_1_186' title='bbox 711 2080 1013 2122; x_wconf 79' lang='lat' dir='ltr'>exaestuantis</span> <span class='ocrx_word' id='word_1_187' title='bbox 1042 2080 1219 2122; x_wconf 76' lang='lat' dir='ltr'>fervore</span> <span class='ocrx_word' id='word_1_188' title='bbox 1245 2081 1356 2133; x_wconf 84' lang='lat' dir='ltr'>irae,</span> <span class='ocrx_word' id='word_1_189' title='bbox 1388 2082 1602 2138; x_wconf 81' lang='lat' dir='ltr'>cogitatio</span> <span class='ocrx_word' id='word_1_190' title='bbox 1630 2082 1722 2124; x_wconf 75' lang='lat' dir='ltr'>vini</span> 
     </span>
     <span class='ocr_line' id='line_1_27' title="bbox 230 2150 1723 2211; baseline 0.001 -17"><span class='ocrx_word' id='word_1_191' title='bbox 230 2151 484 2194; x_wconf 82' lang='lat' dir='ltr'>intentandi</span> <span class='ocrx_word' id='word_1_192' title='bbox 511 2152 720 2208; x_wconf 83' lang='lat' dir='ltr'>Trojanis</span> <span class='ocrx_word' id='word_1_193' title='bbox 749 2151 950 2193; x_wconf 88' lang='lat' dir='ltr'>animum</span> <span class='ocrx_word' id='word_1_194' title='bbox 985 2150 1083 2207; x_wconf 87' lang='lat' dir='ltr'>ejus</span> <span class='ocrx_word' id='word_1_195' title='bbox 1117 2151 1313 2210; x_wconf 88' lang='lat' dir='ltr'>obrepit.</span> <span class='ocrx_word' id='word_1_196' title='bbox 1348 2153 1508 2211; x_wconf 87' lang='lat' dir='ltr'>Neque</span> <span class='ocrx_word' id='word_1_197' title='bbox 1542 2157 1610 2195; x_wconf 89' lang='lat' dir='ltr'>est</span> <span class='ocrx_word' id='word_1_198' title='bbox 1642 2168 1723 2196; x_wconf 87' lang='lat' dir='ltr'>cur</span> 
     </span>
     <span class='ocr_line' id='line_1_28' title="bbox 232 2223 863 2279; baseline -0.003 -12"><span class='ocrx_word' id='word_1_199' title='bbox 232 2238 333 2267; x_wconf 87' lang='lat' dir='ltr'>eam</span> <span class='ocrx_word' id='word_1_200' title='bbox 359 2223 539 2266; x_wconf 87' lang='lat' dir='ltr'>mentiri</span> <span class='ocrx_word' id='word_1_201' title='bbox 567 2223 863 2279; x_wconf 81' lang='lat' dir='ltr'>conjiciamus</span> 
     </span>
    </p>
   </div>
   <div class='ocr_carea' id='block_1_4' title="bbox 674 2353 1281 2395">
    <p class='ocr_par' dir='ltr' id='par_1_4' title="bbox 674 2353 1281 2395">
     <span class='ocr_line' id='line_1_29' title="bbox 674 2353 1281 2395; baseline 0.003 -9"><span class='ocrx_word' id='word_1_202' title='bbox 674 2353 847 2395; x_wconf 80' lang='lat' dir='ltr'>requiem</span> <span class='ocrx_word' id='word_1_203' title='bbox 870 2353 1116 2395; x_wconf 80' lang='lat' dir='ltr'>spatiumque</span> <span class='ocrx_word' id='word_1_204' title='bbox 1138 2354 1257 2388; x_wconf 80' lang='lat' dir='ltr'>furori</span> <span class='ocrx_word' id='word_1_205' title='bbox 1271 2356 1281 2376; x_wconf 84' lang='lat'><strong>¹</strong></span> 
     </span>
    </p>
   </div>
   <div class='ocr_carea' id='block_1_5' title="bbox 233 2467 1723 2528">
    <p class='ocr_par' dir='ltr' id='par_1_5' title="bbox 233 2467 1723 2528">
     <span class='ocr_line' id='line_1_30' title="bbox 233 2467 1723 2528; baseline 0.002 -18"><span class='ocrx_word' id='word_1_206' title='bbox 233 2467 549 2511; x_wconf 84' lang='lat' dir='ltr'>tantummodo</span> <span class='ocrx_word' id='word_1_207' title='bbox 564 2481 591 2510; x_wconf 84' lang='lat' dir='ltr'>a</span> <span class='ocrx_word' id='word_1_208' title='bbox 611 2481 657 2509; x_wconf 91' lang='lat' dir='ltr'>se</span> <span class='ocrx_word' id='word_1_209' title='bbox 678 2467 801 2525; x_wconf 87' lang='lat' dir='ltr'>posci</span> <span class='ocrx_word' id='word_1_210' title='bbox 826 2468 1158 2523; x_wconf 86' lang='lat' dir='ltr'>adfirmantem,</span> <span class='ocrx_word' id='word_1_211' title='bbox 1180 2469 1351 2528; x_wconf 89' lang='lat' dir='ltr'>quippe</span> <span class='ocrx_word' id='word_1_212' title='bbox 1369 2484 1484 2527; x_wconf 88' lang='lat' dir='ltr'>quae</span> <span class='ocrx_word' id='word_1_213' title='bbox 1503 2470 1723 2527; x_wconf 88' lang='lat' dir='ltr'>paulatim</span> 
     </span>
    </p>
   </div>
   <div class='ocr_carea' id='block_1_6' title="bbox 235 2617 1726 2942">
    <p class='ocr_par' dir='ltr' id='par_1_6' title="bbox 235 2617 1726 2848">
     <span class='ocr_line' id='line_1_31' title="bbox 237 2617 1724 2660; baseline 0.001 -12"><span class='ocrx_word' id='word_1_214' title='bbox 237 2626 448 2657; x_wconf 71' lang='lat' dir='ltr'>aecompany</span> <span class='ocrx_word' id='word_1_215' title='bbox 469 2626 489 2647; x_wconf 83' lang='grc' dir='ltr'>(ι</span> <span class='ocrx_word' id='word_1_216' title='bbox 509 2618 687 2657; x_wconf 70' lang='grc' dir='ltr'>[ονείῃηρν</span> <span class='ocrx_word' id='word_1_217' title='bbox 706 2617 778 2648; x_wconf 76' lang='lat' dir='ltr'>and</span> <span class='ocrx_word' id='word_1_218' title='bbox 798 2619 938 2657; x_wconf 68' lang='lat' dir='ltr'>J‘efchee</span> <span class='ocrx_word' id='word_1_219' title='bbox 956 2618 1017 2649; x_wconf 73' lang='lat' dir='ltr'>she</span> <span class='ocrx_word' id='word_1_220' title='bbox 1037 2618 1151 2649; x_wconf 77' lang='lat' dir='ltr'>knows</span> <span class='ocrx_word' id='word_1_221' title='bbox 1172 2620 1231 2650; x_wconf 79' lang='lat' dir='ltr'>not</span> <span class='ocrx_word' id='word_1_222' title='bbox 1254 2617 1408 2655; x_wconf 63' lang='lat' dir='ltr'>thher,</span> <span class='ocrx_word' id='word_1_223' title='bbox 1432 2619 1466 2648; x_wconf 79' lang='lat' dir='ltr'>z&#39;n</span> <span class='ocrx_word' id='word_1_224' title='bbox 1489 2618 1544 2649; x_wconf 70' lang='lat' dir='ltr'>tlte</span> <span class='ocrx_word' id='word_1_225' title='bbox 1564 2619 1724 2660; x_wconf 77' lang='lat' dir='ltr'>capacity</span> 
     </span>
     <span class='ocr_line' id='line_1_32' title="bbox 237 2664 1723 2706; baseline 0.001 -10"><span class='ocrx_word' id='word_1_226' title='bbox 237 2664 277 2705; x_wconf 79' lang='lat' dir='ltr'>of</span> <span class='ocrx_word' id='word_1_227' title='bbox 295 2664 352 2695; x_wconf 75' lang='lat' dir='ltr'>the</span> <span class='ocrx_word' id='word_1_228' title='bbox 373 2674 465 2695; x_wconf 76' lang='lat' dir='ltr'>servu</span> <span class='ocrx_word' id='word_1_229' title='bbox 486 2664 556 2695; x_wconf 78' lang='lat' dir='ltr'>and</span> <span class='ocrx_word' id='word_1_230' title='bbox 577 2665 702 2704; x_wconf 79' lang='lat' dir='ltr'>pellex!</span> <span class='ocrx_word' id='word_1_231' title='bbox 734 2666 790 2695; x_wconf 64' lang='lat' dir='ltr'>Fie</span> <span class='ocrx_word' id='word_1_232' title='bbox 813 2676 854 2696; x_wconf 83' lang='lat' dir='ltr'>on</span> <span class='ocrx_word' id='word_1_233' title='bbox 880 2665 935 2696; x_wconf 69' lang='lat' dir='ltr'>[lte</span> <span class='ocrx_word' id='word_1_234' title='bbox 964 2665 1260 2706; x_wconf 73' lang='lat' dir='ltr'>interpretation!</span> <span class='ocrx_word' id='word_1_235' title='bbox 1279 2666 1322 2706; x_wconf 78' lang='lat' dir='ltr'>fie</span> <span class='ocrx_word' id='word_1_236' title='bbox 1345 2676 1387 2697; x_wconf 80' lang='grc' dir='ltr'>οη</span> <span class='ocrx_word' id='word_1_237' title='bbox 1417 2665 1474 2697; x_wconf 75' lang='lat' dir='ltr'>the</span> <span class='ocrx_word' id='word_1_238' title='bbox 1493 2667 1617 2697; x_wconf 68' lang='lat' dir='ltr'>render</span> <span class='ocrx_word' id='word_1_239' title='bbox 1636 2666 1723 2704; x_wconf 70' lang='lat' dir='ltr'>who,</span> 
     </span>
     <span class='ocr_line' id='line_1_33' title="bbox 237 2711 1726 2754; baseline 0.001 -11"><span class='ocrx_word' id='word_1_240' title='bbox 237 2712 415 2753; x_wconf 66' lang='lat' dir='ltr'>acceptius)</span> <span class='ocrx_word' id='word_1_241' title='bbox 436 2712 474 2748; x_wconf 71' lang='lat' dir='ltr'>it,</span> <span class='ocrx_word' id='word_1_242' title='bbox 503 2711 582 2741; x_wconf 68' lang='lat' dir='ltr'>does</span> <span class='ocrx_word' id='word_1_243' title='bbox 605 2715 663 2743; x_wconf 81' lang='lat' dir='ltr'>not</span> <span class='ocrx_word' id='word_1_244' title='bbox 685 2712 743 2752; x_wconf 62' lang='lat' dir='ltr'>lays</span> <span class='ocrx_word' id='word_1_245' title='bbox 765 2712 866 2743; x_wconf 78' lang='lat' dir='ltr'>down</span> <span class='ocrx_word' id='word_1_246' title='bbox 889 2713 941 2743; x_wconf 81' lang='lat' dir='ltr'>lhe</span> <span class='ocrx_word' id='word_1_247' title='bbox 967 2712 1060 2748; x_wconf 69' lang='lat' dir='ltr'>bools,</span> <span class='ocrx_word' id='word_1_248' title='bbox 1084 2712 1200 2744; x_wconf 74' lang='lat' dir='ltr'>closed</span> <span class='ocrx_word' id='word_1_249' title='bbox 1219 2715 1278 2754; x_wconf 73' lang='lat' dir='ltr'>for</span> <span class='ocrx_word' id='word_1_250' title='bbox 1299 2723 1373 2745; x_wconf 70' lang='lat' dir='ltr'>ever</span> <span class='ocrx_word' id='word_1_251' title='bbox 1393 2724 1434 2744; x_wconf 79' lang='lat' dir='ltr'>on</span> <span class='ocrx_word' id='word_1_252' title='bbox 1457 2714 1546 2744; x_wconf 74' lang='lat' dir='ltr'>Dido</span> <span class='ocrx_word' id='word_1_253' title='bbox 1568 2714 1640 2745; x_wconf 76' lang='lat' dir='ltr'>(md</span> <span class='ocrx_word' id='word_1_254' title='bbox 1665 2713 1726 2744; x_wconf 72' lang='lat' dir='ltr'>her</span> 
     </span>
     <span class='ocr_line' id='line_1_34' title="bbox 236 2759 1726 2802; baseline 0.002 -12"><span class='ocrx_word' id='word_1_255' title='bbox 236 2760 374 2791; x_wconf 71' lang='lat' dir='ltr'>slzartze!</span> <span class='ocrx_word' id='word_1_256' title='bbox 396 2760 500 2792; x_wconf 75' lang='lat' dir='ltr'>But...</span> <span class='ocrx_word' id='word_1_257' title='bbox 525 2760 612 2790; x_wconf 80' lang='lat' dir='ltr'>Dido</span> <span class='ocrx_word' id='word_1_258' title='bbox 634 2760 713 2791; x_wconf 52' lang='lat' dir='ltr'>ask&amp;</span> <span class='ocrx_word' id='word_1_259' title='bbox 735 2760 868 2801; x_wconf 67' lang='lat' dir='ltr'>herself</span> <span class='ocrx_word' id='word_1_260' title='bbox 894 2770 935 2791; x_wconf 77' lang='lat'>110</span> <span class='ocrx_word' id='word_1_261' title='bbox 965 2759 1048 2791; x_wconf 69' lang='lat' dir='ltr'>such</span> <span class='ocrx_word' id='word_1_262' title='bbox 1068 2762 1238 2802; x_wconf 69' lang='lat' dir='ltr'>question.</span> <span class='ocrx_word' id='word_1_263' title='bbox 1270 2762 1336 2792; x_wconf 76' lang='lat' dir='ltr'>Her</span> <span class='ocrx_word' id='word_1_264' title='bbox 1361 2771 1433 2792; x_wconf 78' lang='lat' dir='ltr'>own</span> <span class='ocrx_word' id='word_1_265' title='bbox 1461 2771 1592 2793; x_wconf 59' lang='lat' dir='ltr'>(tnsztser</span> <span class='ocrx_word' id='word_1_266' title='bbox 1612 2761 1726 2793; x_wconf 78' lang='lat' dir='ltr'>abun-</span> 
     </span>
     <span class='ocr_line' id='line_1_35' title="bbox 235 2807 876 2848; baseline -0.002 -8"><span class='ocrx_word' id='word_1_267' title='bbox 235 2808 360 2848; x_wconf 68' lang='lat' dir='ltr'>dantly</span> <span class='ocrx_word' id='word_1_268' title='bbox 380 2808 488 2839; x_wconf 75' lang='lat' dir='ltr'>shows</span> <span class='ocrx_word' id='word_1_269' title='bbox 507 2807 565 2839; x_wconf 80' lang='lat' dir='ltr'>llze</span> <span class='ocrx_word' id='word_1_270' title='bbox 585 2808 665 2839; x_wconf 76' lang='lat' dir='ltr'>cloes</span> <span class='ocrx_word' id='word_1_271' title='bbox 684 2811 754 2846; x_wconf 78' lang='lat' dir='ltr'>nol,</span> <span class='ocrx_word' id='word_1_272' title='bbox 776 2812 836 2839; x_wconf 76' lang='lat' dir='ltr'>etc.</span> <span class='ocrx_word' id='word_1_273' title='bbox 862 2822 876 2835; x_wconf 90' lang='lat'>»</span> 
     </span>
    </p>

    <p class='ocr_par' dir='ltr' id='par_1_7' title="bbox 239 2855 1724 2942">
     <span class='ocr_line' id='line_1_36' title="bbox 281 2855 1724 2897; baseline 0.003 -11"><span class='ocrx_word' id='word_1_274' title='bbox 281 2856 308 2887; x_wconf 80' lang='lat' dir='ltr'>l.</span> <span class='ocrx_word' id='word_1_275' title='bbox 335 2856 388 2893; x_wconf 88' lang='lat' dir='ltr'>IV,</span> <span class='ocrx_word' id='word_1_276' title='bbox 412 2855 471 2886; x_wconf 71' lang='lat'>433</span> <span class='ocrx_word' id='word_1_277' title='bbox 494 2865 500 2885; x_wconf 89' lang='grc'>;</span> <span class='ocrx_word' id='word_1_278' title='bbox 522 2856 660 2896; x_wconf 81' lang='lat' dir='ltr'>Tempus</span> <span class='ocrx_word' id='word_1_279' title='bbox 686 2856 786 2887; x_wconf 67' lang='lat' dir='ltr'>iteam?</span> <span class='ocrx_word' id='word_1_280' title='bbox 809 2860 891 2897; x_wconf 53' lang='lat' dir='ltr'>peto.</span> <span class='ocrx_word' id='word_1_281' title='bbox 917 2857 948 2887; x_wconf 77' lang='lat' dir='ltr'>Si</span> <span class='ocrx_word' id='word_1_282' title='bbox 970 2857 1103 2893; x_wconf 70' lang='lat' dir='ltr'>Sssnx’io,</span> <span class='ocrx_word' id='word_1_283' title='bbox 1127 2857 1176 2887; x_wconf 78' lang='lat' dir='ltr'>cui</span> <span class='ocrx_word' id='word_1_284' title='bbox 1203 2859 1419 2889; x_wconf 63' lang='lat' dir='ltr'>Wrxofflmcn</span> <span class='ocrx_word' id='word_1_285' title='bbox 1441 2857 1633 2897; x_wconf 79' lang='lat' dir='ltr'>adsentitur,</span> <span class='ocrx_word' id='word_1_286' title='bbox 1655 2868 1724 2890; x_wconf 84' lang='lat' dir='ltr'>cre-</span> 
     </span>
     <span class='ocr_line' id='line_1_37' title="bbox 239 2903 1724 2942; baseline 0.002 -6"><span class='ocrx_word' id='word_1_287' title='bbox 239 2904 397 2942; x_wconf 89' lang='lat' dir='ltr'>dendum,</span> <span class='ocrx_word' id='word_1_288' title='bbox 420 2903 479 2935; x_wconf 88' lang='lat' dir='ltr'>hoc</span> <span class='ocrx_word' id='word_1_289' title='bbox 499 2904 599 2934; x_wconf 83' lang='lat' dir='ltr'>verbo</span> <span class='ocrx_word' id='word_1_290' title='bbox 627 2917 641 2931; x_wconf 83' lang='lat'>«</span> <span class='ocrx_word' id='word_1_291' title='bbox 669 2904 772 2936; x_wconf 78' lang='lat' dir='ltr'>inane</span> <span class='ocrx_word' id='word_1_292' title='bbox 801 2917 814 2931; x_wconf 60' lang='grc' dir='ltr'>»ν</span> <span class='ocrx_word' id='word_1_293' title='bbox 844 2905 1001 2936; x_wconf 83' lang='lat' dir='ltr'>Didonem</span> <span class='ocrx_word' id='word_1_294' title='bbox 1029 2905 1068 2936; x_wconf 82' lang='lat' dir='ltr'>ad</span> <span class='ocrx_word' id='word_1_295' title='bbox 1096 2905 1265 2937; x_wconf 77' lang='lat' dir='ltr'>humilima</span> <span class='ocrx_word' id='word_1_296' title='bbox 1291 2906 1385 2937; x_wconf 85' lang='lat' dir='ltr'>etiam</span> <span class='ocrx_word' id='word_1_297' title='bbox 1411 2915 1496 2937; x_wconf 88' lang='lat' dir='ltr'>nune</span> <span class='ocrx_word' id='word_1_298' title='bbox 1525 2906 1724 2939; x_wconf 85' lang='lat' dir='ltr'>descendere</span> 
     </span>
    </p>
   </div>
  </div>
 </body>
</html>
