1889 3319
229 182 284 224 56
836 198 935 227 PARS
969 198 1104 227 PRIOR.

288 310 546 353 Simaethae
580 326 762 369 quoque
802 313 1097 356 Theocriteae
1126 327 1255 356 amor
1281 317 1400 356 totus
1429 329 1452 356 e
1481 315 1709 372 corporeis

227 382 364 425 amati
396 381 624 424 illecebris
664 383 849 440 pendet.
888 384 1069 441 Quippe
1098 399 1236 442 quae,
1266 385 1381 427 festo
1410 385 1609 442 quodam
1637 386 1708 428 die

226 454 311 495 iter
335 453 521 505 faciens,
546 454 865 496 antecedentes
893 455 1112 512 prospicit
1139 455 1450 498 adolescentes
1473 456 1579 506 duo,
1608 456 1711 498 Del-

226 523 413 580 phidem
454 527 497 565 et
534 524 890 583 Eudamippum.
940 525 1033 567 Nec
1086 540 1235 578 mora,
1290 527 1610 584 prospicientis
1655 553 1712 558 —

226 595 427 636 animum
454 609 509 636 ne
538 594 715 637 dicam?
732 622 789 626 —
815 595 989 638 invadit
1016 611 1157 638 amor.
1189 596 1281 639 Sua
1304 597 1518 655 Delphidi
1546 598 1707 651 forma,

226 665 356 720 vigor
396 680 503 707 suus
549 681 685 709 causa
724 670 790 708 est
830 671 877 709 ut
915 671 1113 714 ametur,
1159 682 1242 710 nec
1281 669 1526 726 quicquam
1569 669 1709 712 aliud.

226 736 411 778 Necnon
446 740 490 779 et
526 738 733 795 protinus
774 738 934 780 morbo
972 738 1205 781 Simaetha
1239 740 1490 791 conficitur,
1535 739 1714 783 decem-

227 822 313 866 que
360 807 478 860 dies,
528 808 687 850 decem
725 813 880 851 noctes
916 809 1192 864 languescit,
1230 811 1468 864 macescit,
1508 810 1714 854 defluunt

227 878 395 936 capilli,
425 878 518 921 bile
547 879 824 922 suffunditur
857 880 1009 923 vultus
1046 882 1248 924 croceo¹.
1286 881 1411 924 Sicut
1447 883 1566 924 enim
1601 883 1714 925 tanti

226 950 392 992 amoris
425 965 548 992 mere
583 965 804 1009 corporea
837 966 975 993 causa
1008 955 1096 1005 est,
1127 953 1189 994 ita
1216 967 1436 1011 corporea
1464 957 1568 996 sunt
1595 968 1712 1011 quae

224 1019 330 1062 inde
359 1021 622 1065 oriuntur...

285 1091 562 1134 Catullianae
579 1107 686 1134 vero
705 1093 933 1136 Ariadnae
957 1094 1128 1136 similes
1156 1109 1344 1152 prorsus
1372 1096 1714 1153 comperiuntur

225 1163 410 1205 affectus
431 1177 439 1215 ς
466 1178 615 1221 neque
635 1178 733 1206 eam
754 1169 943 1222 propter
963 1165 1099 1207 aliam
1117 1166 1249 1208 nobis
1271 1181 1454 1208 causam
1472 1168 1517 1209 in
1535 1167 1711 1210 Theseo

228 1253 248 1272 «
271 1235 578 1292 suspirantem
605 1253 623 1274 »
642 1239 778 1293 poeta
798 1235 1013 1287 ostendit,
1033 1237 1119 1278 nisi
1136 1238 1239 1294 quia
1262 1256 1281 1276 «
1300 1238 1443 1279 flavus
1463 1257 1482 1277 »
1499 1238 1576 1280 ille
1596 1243 1663 1281 est
1679 1239 1708 1281 ².

283 1305 472 1347 Didonis
511 1310 669 1348 contra
701 1321 790 1348 non
824 1307 955 1349 unice
983 1308 1225 1365 capiuntur
1252 1308 1391 1361 oculi,
1429 1308 1509 1351 sed
1538 1313 1582 1351 et
1619 1310 1711 1352 ani-

224 1390 347 1418 mum
377 1391 558 1434 quoque
586 1376 691 1418 inde
731 1377 789 1419 ab
825 1377 952 1419 initio
991 1378 1294 1421 misericordia
1329 1383 1373 1422 et
1411 1379 1710 1422 admiratione

224 1447 433 1505 percelli,
479 1462 622 1505 eaque
658 1463 837 1506 quoque
879 1450 951 1491 via
991 1449 1049 1491 ad
1081 1450 1282 1493 Aeneam
1315 1452 1447 1509 quasi
1474 1452 1639 1493 attrahi
1667 1456 1710 1494 et

224 1519 400 1576 impelli
444 1519 668 1561 videmus.
704 1519 944 1575 Dejectum
985 1521 1104 1563 enim
1144 1525 1268 1564 tanta
1308 1522 1455 1578 gloria
1494 1526 1708 1580 tantaque

221 1589 434 1632 felicitate
468 1590 723 1648 principem
751 1591 1052 1647 Trojanorum
1081 1593 1247 1646 virum,
1279 1596 1505 1636 tantarum
1534 1595 1707 1652 patriae

223 1661 532 1704 calamitatum
560 1666 880 1720 spectatorem,
904 1679 1024 1706 nunc
1041 1679 1149 1706 vero
1177 1665 1437 1722 profugum,
1462 1681 1546 1723 per
1566 1666 1709 1708 maria

220 1736 606 1791 tempestatesque
624 1733 823 1776 Deorum
850 1735 917 1776 ira
940 1735 1177 1790 jactatum.
1196 1736 1391 1778 incertas
1414 1740 1707 1794 quaerentem

221 1804 265 1845 in
302 1804 470 1859 ignotis
512 1805 778 1859 regionibus
816 1805 968 1859 sedes,
1013 1807 1256 1849 miseratur
1295 1807 1433 1860 Dido,
1474 1808 1612 1866 idque
1657 1822 1709 1850 eo

220 1876 366 1930 magis
395 1875 517 1932 quod
544 1876 645 1933 ipsa
662 1891 752 1918 non
774 1877 829 1919 sit
851 1878 1157 1919 consimilium
1184 1893 1508 1921 aerumnarum
1529 1893 1704 1937 expers

220 1945 336 1988 Etin
356 1946 426 1988 his
449 1947 557 1988 satis
580 1948 850 1989 immoratur
872 1948 1102 2003 Vergilius
1121 1964 1176 1991 ne
1193 1949 1306 1991 illud
1328 1965 1409 1992 nos
1432 1954 1705 2008 praetereat.

281 2016 471 2060 Miratur
508 2022 661 2060 autem
698 2018 813 2061 Dido
848 2019 903 2061 de
938 2020 1094 2062 Aenea
1126 2021 1286 2078 plura3
1318 2036 1483 2079 nempe
1511 2022 1710 2079 primum

222 2089 307 2131 viri
334 2090 647 2142 constantiam,
682 2089 846 2132 deinde
876 2091 1081 2147 trojanae
1106 2093 1271 2146 gentis,
1303 2092 1416 2135 adeo
1443 2108 1526 2151 per
1554 2092 1710 2136 Orien-

222 2163 314 2202 tem
341 2164 486 2202 totum
514 2161 725 2218 inclytae,
752 2166 793 2204 et
813 2166 1002 2221 propter
1027 2162 1240 2205 bellicam
1267 2164 1479 2206 virtutem
1508 2164 1565 2206 ab
1598 2165 1709 2223 ipsis

221 2230 431 2275 hostibus
459 2232 670 2274 laudatae
699 2234 906 2276 meminit
936 2251 956 2274 a
984 2234 1206 2276 honorem
1237 2253 1255 2274 »
1282 2249 1290 2287 3
1321 2239 1418 2277 tum
1443 2250 1551 2278 vero
1578 2251 1709 2294 prae-

222 2303 355 2360 cipue
380 2307 561 2360 reputat
587 2304 770 2346 Aeneae
798 2305 942 2362 ipsius
970 2304 1186 2359 divinam,
1203 2320 1319 2363 quae
1347 2307 1594 2359 ferebatur,
1623 2308 1710 2349 ori-

223 2373 376 2429 ginem
410 2388 418 2417 ε

388 2497 511 2530 Multa
533 2498 605 2531 viri
626 2499 751 2532 vlrtus
769 2501 912 2542 animo,
933 2501 1162 2543 multusque
1182 2506 1353 2535 recursat

388 2552 522 2584 Gentis
542 2552 705 2585 honos...

385 2605 504 2638 Credo
529 2606 720 2647 equidem,
743 2625 779 2631 —-
799 2617 868 2641 nec
891 2617 988 2642 vana
1008 2609 1118 2649 fides,
1135 2627 1174 2632 ——
1188 2618 1313 2650 genus
1331 2618 1416 2643 esse
1435 2612 1599 2643 Deorum
1617 2619 1624 2642 ε

388 2660 607 2699 Degeneres
627 2661 781 2693 animos
804 2662 920 2694 timor
936 2662 1076 2704 arguit.

259 2771 287 2803 1.
313 2771 465 2811 Tnnoca„
488 2782 519 2809 11,
541 2772 580 2803 77
602 2783 686 2814 sqq„
708 2773 747 2805 82
768 2785 837 2815 sqq.

258 2819 287 2851 2.
312 2819 359 2850 Cf.
389 2829 487 2860 supra
515 2830 545 2859 p.
574 2820 627 2859 50,
654 2825 684 2851 et
713 2822 819 2859 Pher,
845 2823 877 2852 in
907 2823 1022 2854 Thesei
1055 2825 1128 2861 vila,
1155 2834 1182 2855 c.
1212 2833 1285 2863 xix3
1311 2823 1414 2861 Dion„
1443 2823 1572 2863 1v,61;
1596 2824 1703 2861 Ovio„

218 2867 311 2903 Hem,
334 2866 404 2906 XII,
424 2885 461 2889 —
478 2867 563 2897 Bene
586 2868 699 2906 Corn,
722 2864 834 2900 Elmle
851 2880 911 2899 sar
926 2870 1075 2907 Catulle,
1096 2882 1125 2911 p.
1144 2871 1216 2908 234,
1239 2872 1277 2901 de
1298 2872 1459 2902 Ariadnae
1473 2881 1601 2903 amore:
1622 2885 1636 2899 «
1658 2881 1702 2902 un

220 2922 346 2944 aniam*
367 2916 441 2944 tout
459 2914 615 2953 sensa-923
641 2928 654 2941 »
676 2919 707 2945 et
726 2916 903 2955 menam-s,
925 2919 956 2947 in
978 2917 1065 2955 Cn„
1088 2917 1197 2955 LXIV,
1217 2928 1247 2948 v.
1273 2918 1323 2950 55.
