1889 3319
691 199 821 228 (ῖΑΡῑΤ
855 198 1029 228 rammi.
1554 184 1604 225 15

175 317 349 375 Nempe
375 316 441 359 ibi
466 316 685 358 nonnulla
712 330 810 359 esse
837 318 1083 374 potuerunt
1109 328 1225 371 quae
1247 312 1501 368 Vergilium
1527 312 1605 355 ad-

111 388 328 446 juvarent
360 387 419 430 ad
452 387 806 429 describendum
841 385 1183 429 ineluctabilem
1215 384 1344 426 illum
1383 384 1604 442 impetum

116 474 205 517 quo
234 458 457 501 Didonem
486 457 543 500 ad
569 458 773 500 Aeneam
800 457 975 515 impelli
1002 456 1147 511 fingit.
1178 454 1383 513 Apparet
1411 455 1530 497 enim
1559 455 1602 496 in

114 530 199 572 hac
236 529 473 586 tragoedia
510 528 690 572 Jasonis
728 528 974 571 adventum
1005 528 1049 569 in
1084 527 1224 569 Actae
1262 540 1469 581 regnum,
1509 525 1604 569 Me-

107 591 226 643 deae
266 614 460 653 amores,
508 600 696 657 Absyrti
743 599 929 642 caedem
973 598 1110 640 fuisse
1162 597 1405 655 exposita¹.
1457 596 1603 649 Quam

114 685 222 714 vero
246 670 394 714 vivide
421 671 575 726 regiae
603 671 786 729 puellae
813 670 980 712 amoris
1004 668 1216 711 violentia
1237 683 1262 709 a
1288 668 1603 725 potentissimo

113 742 160 784 in
186 741 422 784 affectibus
450 741 730 784 concitandis
757 744 894 799 poeta
920 739 1272 791 describeretur,
1305 753 1356 781 ex
1383 738 1477 780 istis
1505 738 1603 796 pul-

115 812 352 856 cherrimis
378 811 587 855 versibus
614 812 880 868 intellegere
910 815 976 853 est
1003 825 1029 853 a
1055 809 1251 853 Stobaeo
1281 809 1468 851 servatis
1494 823 1502 852 :

358 945 409 979 ‘Q
430 944 570 988 παῖδες,
596 942 680 992 ἤτοι
702 940 839 996 Κύπρις
861 941 900 979 οὖ
922 939 1060 994 Κύπρις
1083 942 1192 991 μόνον

354 1005 437 1045 ἀλλ’
459 1006 536 1045 ἐστὶ
557 1007 707 1045 πάντων
729 1006 920 1058 ὀνομάτων
941 1004 1145 1057 ἐπώνυμος,
1172 1021 1207 1044 κ.
1233 1021 1267 1043 τ.
1292 1003 1365 1050 λ.2,

114 1146 228 1189 quos
255 1130 441 1189 quidem
469 1145 626 1173 versus
647 1130 851 1186 Vergilio
879 1130 1008 1172 licuit
1034 1130 1079 1172 in
1101 1130 1250 1188 primo
1275 1133 1495 1187 quartove
1521 1129 1603 1171 Ae-

112 1202 258 1245 neidis
284 1202 402 1244 libro
428 1217 680 1260 usurpare3
709 1201 915 1259 illudque
944 1216 1034 1243 non
1062 1216 1151 1243 uno
1179 1202 1224 1243 in
1251 1201 1367 1253 loco,
1399 1201 1491 1243 sive
1518 1200 1601 1243 has

112 1274 242 1331 quasi
280 1273 445 1330 lyricas
478 1272 664 1315 Veneris
692 1274 921 1331 potentiae
955 1273 1114 1314 laudes
1149 1272 1206 1314 ab
1234 1287 1323 1314 una
1356 1271 1426 1314 vel
1460 1271 1602 1314 altera

109 1344 398 1387 inductarum
421 1358 721 1402 personarum
740 1344 1024 1402 pronuntiari
1045 1344 1242 1396 fecisset,
1269 1343 1362 1385 sive
1381 1343 1481 1384 illas
1503 1343 1599 1401 ipse

108 1415 406 1474 interruptae,
425 1442 482 1446 —
498 1416 629 1458 sicuti
648 1415 894 1473 aliquando
913 1415 961 1457 fit
982 1416 1025 1457 in
1042 1414 1262 1467 Aeneide,
1281 1441 1337 1445 —
1352 1414 1602 1456 narrationi

110 1500 217 1530 suae
256 1487 444 1545 proprio
485 1488 667 1528 nomine
696 1487 895 1529 inserere
927 1486 1172 1528 maluisset.
1204 1485 1350 1528 Iinmo
1377 1485 1492 1527 adeo
1520 1485 1602 1526 mi-

109 1572 212 1600 rum
237 1559 283 1600 in
311 1558 497 1600 modum
527 1558 665 1600 verba
691 1558 770 1599 illa
793 1557 1049 1615 Sophoclea
1075 1557 1264 1599 Didonis
1293 1557 1528 1599 affectibus
1557 1560 1601 1598 et

110 1629 304 1671 miseriis
332 1633 438 1687 apta
465 1633 582 1681 sunt,
619 1632 668 1671 ut
707 1628 892 1671 credere
927 1642 1151 1686 nequeam
1177 1627 1449 1684 Vergilium,
1480 1654 1537 1658 —
1564 1628 1599 1670 si

109 1699 293 1757 quidem
323 1704 447 1742 tanto
476 1715 578 1742 cum
607 1700 756 1742 studio
784 1701 1064 1758 perquisisse
1093 1699 1349 1741 credendus
1375 1700 1432 1741 sit
1459 1713 1599 1756 quae-

109 1785 303 1829 cumque
339 1786 503 1830 poema
535 1786 666 1814 suum
699 1775 927 1815 ornarent.
959 1798 1016 1802 —
1051 1775 1142 1812 tani
1174 1771 1290 1812 bene
1325 1770 1598 1812 convenien-

106 1846 197 1884 tem
214 1857 296 1885 nec
311 1843 459 1885 minus
476 1843 700 1885 illustrem
723 1846 933 1885 ornatum
956 1846 1115 1900 sponte
1137 1842 1408 1897 neglexisse.
1435 1841 1596 1884 Latino

105 1913 246 1968 igitur
283 1917 445 1971 poetae
487 1913 767 1972 Sopliocleas
814 1912 1043 1956 Colchides
1081 1928 1169 1955 non
1212 1914 1416 1968 cognitas
1456 1913 1595 1955 fuisse

105 1984 249 2026 multo
296 1984 512 2027 libentius
562 1985 817 2041 conjiciam.
866 1985 987 2040 Ergo
1032 1985 1151 2026 inter
1195 1998 1351 2026 omnes
1403 1999 1520 2041 quae
1573 1999 1598 2026 a

105 2055 282 2110 graecis
309 2057 456 2113 poetis
484 2056 528 2098 in
565 2070 777 2098 scaenam
803 2055 956 2098 induci
985 2059 1231 2113 potuerunt
1258 2055 1458 2107 Medeas,
1493 2055 1596 2098 Col-

106 2126 288 2169 clzz'a'um
313 2127 474 2171 Medea
503 2128 598 2170 sola
625 2131 693 2170 est
719 2142 835 2185 quae
865 2127 1068 2184 Vergilio
1097 2127 1218 2169 utilis
1239 2127 1441 2169 fuisset³.

145 2257 174 2288 1.
202 2256 376 2297 wamma,
401 2267 430 2298 p.
452 2257 513 2289 333
534 2267 629 2298 sqq.;
653 2258 791 2295 Aiiassxs,
815 2268 845 2298 p.
867 2257 927 2288 324
952 2267 1036 2298 sqq.‚
1061 2260 1122 2290 etc.

144 2304 174 2337 2.
201 2304 305 2341 Sroe.⁷
329 2315 412 2343 ani,
433 2305 452 2336 6
472 2306 536 2346 (ed.
560 2306 733 2338 Meineke).
752 2306 957 2346 insequentes
973 2314 1088 2335 versus
1105 2305 1125 2335 ii
1147 2308 1230 2344 sunt,
1249 2305 1321 2335 huic
1341 2308 1444 2335 autem
1462 2305 1592 2345 ymeri,

103 2354 138 2382 ut
156 2352 201 2382 ita
219 2351 336 2391 dicam,
357 2353 477 2383 amoris
496 2353 625 2384 omnino
646 2352 890 2389 accommodati,
913 2363 976 2393 quo
998 2353 1186 2392 Vergiliana
1206 2353 1290 2384 Dido
1312 2366 1326 2381 «
1350 2353 1459 2383 saucia
1482 2365 1496 2379 »
1515 2355 1563 2383 est
1586 2361 1592 2382 :

432 2429 549 2462 ’Έστιν
571 2429 626 2470 μὲν
648 2430 764 2472 ’ᾉδ-ης,
787 2431 855 2462 ἔστι
875 2430 908 2462 δ’
930 2429 1056 2470 ἄφθιτος
1078 2429 1159 2469 δέος,

434 2476 521 2508 ἔστιν
543 2477 576 2510 δὲ
595 2474 702 2509 λύσσα
722 2476 850 2516 μανίας,
874 2477 940 2509 ἔστι
961 2477 993 2509 δ’
1013 2475 1120 2518 ἵμερος

435 2523 603 2565 ἄκραντος,
627 2525 698 2557 ἔστ’
716 2522 896 2565 οἱμωγμός.
922 2524 978 2555 Ἐν
999 2524 1087 2570 κείνῃ
1110 2524 1146 2556 τὶ)
1164 2528 1240 2563 πᾶν,

434 2575 626 2611 σπουδαῖον,
643 2574 819 2614 ἡσυχαῖον,
843 2574 872 2609 ἐς
889 2571 960 2604 δίαν
981 2571 1071 2613 ἄγον

434 2619 600 2659 ἐντήκεται
620 2619 681 2661 γὰρ
700 2621 892 2660 πλευμόνων
915 2619 1003 2656 ὅσοις
1026 2620 1070 2651 ἔνι

433 2666 534 2709 ψυχή.
558 2666 615 2704 Τίς
637 2665 714 2708 0-3χί
738 2670 834 2706 τῆσδε
855 2670 909 2705 τῆς
931 2669 1004 2699 θεοῦ
1027 2666 1132 2708 βοράζ

436 2738 498 2746 .....
521 2715 596 2752 Διὸς
617 2720 766 2755 τυραννεῖ
793 2714 982 2753 πλευμόνων
1005 2714 1092 2746 ’ἄνευ
1114 2715 1221 2755 δορὸς,

435 2761 509 2794 ἄνευ
528 2761 661 2802 σιδήρου
682 2760 790 2794 πάντα
811 2774 859 2793 τοι
881 2762 1089 2798 συντέμνεται

432 2806 560 2849 Κύπρις
581 2809 620 2841 τὰ
641 2812 764 2849 θνητῶν
786 2810 843 2841 καὶ
867 2812 946 2841 θεῶν
971 2806 1190 2849 βουλεύματα.

145 2887 173 2915 3.
199 2885 403 2926 Tragicorum
426 2886 593 2917 latinorum
620 2887 775 2917 neminem
797 2886 974 2918 Colchides
994 2889 1187 2917 retractasse
1203 2885 1333 2917 scimus.
1360 2887 1444 2916 Acen
1473 2887 1590 2917 Medea

104 2931 275 2972 Sophoclis
296 2933 519 2975 Scytharum,
541 2934 619 2965 Exxi
641 2933 761 2965 Medea
788 2933 958 2974 Euripidis
980 2933 1112 2965 Medeae
1143 2933 1372 2965 translationes
1405 2933 1505 2973 fuere,
1528 2933 1590 2964 nisi
