1889 3319
292 210 343 254 10
893 222 995 255 PARS
1019 226 1166 256 rmon.

289 340 452 383 merito
488 340 552 397 (ut
589 354 689 382 mea
727 340 813 383 fert
843 341 1012 399 opinio)
1054 342 1202 385 visum
1231 342 1342 394 est¹,
1374 356 1522 399 neque
1550 340 1771 395 Naevius,

287 427 435 470 neque
464 411 635 454 Ennius
673 418 831 454 auctor
866 412 951 454 fuit
982 413 1201 466 Aeneam,
1243 416 1488 471 antequam
1520 414 1567 455 in
1593 412 1775 456 Latium

286 483 560 541 perveniret,
580 481 636 524 ad
653 481 878 524 Didonem
901 482 1157 536 divertisse,
1177 484 1394 541 quoniam
1422 488 1613 541 uterque
1639 488 1776 542 poeta

289 573 309 592 «
352 553 513 595 eodem
550 553 685 611 plane
727 569 845 596 anno
883 554 1076 596 Romam
1115 559 1159 597 et
1199 553 1523 611 Carthaginem
1569 554 1775 597 conditas

284 625 423 667 fuisse
452 638 738 670 asseverasse
767 624 976 668 videatur
1000 643 1020 664 »
1041 625 1070 668 ².
1096 626 1231 668 Nulla
1251 626 1392 682 igitur
1414 641 1464 668 ex
1487 640 1644 668 eorum
1664 641 1776 684 ope-

286 695 412 738 ribus
451 695 645 753 quodvis
682 695 879 738 ducendi
909 696 1111 752 Vergilio
1149 712 1257 739 ansa
1290 697 1390 739 fuit.
1421 697 1569 755 Atque
1597 697 1776 752 gravis-

286 767 410 809 simis
443 765 632 809 Luciani
667 766 875 809 Muelleri
913 767 968 809 de
1002 767 1087 810 hoc
1122 769 1405 824 argumentis
1432 768 1546 810 illud
1573 767 1774 824 adjicere

285 838 394 880 mihi
435 838 569 880 liceat
603 853 611 882 :
643 852 746 880 cum
773 839 817 880 in
853 840 1179 882 commentario
1212 839 1426 882 Aeneidis
1463 838 1648 882 Servius
1676 839 1777 881 dili-

284 910 550 965 gentissime
593 909 795 952 indicare
836 910 1008 952 soleat³
1043 925 1360 969 quaecumque
1398 926 1422 952 a
1474 909 1656 953 Punicis
1698 914 1776 953 aut

284 979 537 1023 Annalibus
564 981 784 1023 translata
813 982 899 1023 sint
936 982 980 1023 in
1009 982 1276 1033 Aeneidem,
1320 985 1455 1040 atque
1495 996 1550 1024 ea
1580 981 1653 1023 vel
1690 981 1775 1024 mi-

285 1052 421 1103 nima,
452 1055 578 1094 tanto
605 1052 752 1106 magis
777 1052 813 1094 si
838 1067 954 1110 quae
982 1052 1037 1095 de
1066 1052 1243 1096 Didone
1271 1053 1405 1111 plura
1438 1057 1482 1094 et
1507 1053 1718 1108 graviora
1749 1067 1774 1094 a

286 1123 458 1165 'Naevio
495 1127 538 1165 ct
573 1123 720 1165 Ennio
754 1128 988 1166 mutuatus
1028 1123 1258 1180 Vergilius
1297 1124 1477 1177 fuisset,
1509 1138 1562 1166 ea
1590 1122 1774 1166 Servius

285 1194 414 1236 utilia
450 1193 571 1236 furta
601 1194 874 1252 patefacere,
905 1195 1111 1254 illudque
1141 1195 1198 1238 ad
1226 1195 1447 1251 majorem
1474 1199 1636 1253 poetae
1665 1209 1773 1237 suae

284 1265 496 1321 gloriam,
528 1280 728 1324 aequum
756 1267 1048 1309 censuisset&

345 1336 435 1379 Sed
462 1342 506 1379 et
533 1337 748 1380 historica
776 1353 958 1396 quoque
986 1338 1188 1394 Vergilio
1216 1337 1374 1381 aderat
1401 1338 1456 1381 de
1484 1337 1658 1380 Didone
1686 1341 1776 1380 tra-

283 1407 394 1450 ditio
412 1408 441 1450 5.
474 1407 621 1460 Quam
649 1413 697 1451 ut
723 1408 906 1452 abunde
940 1411 1257 1463 aestimemus,
1289 1425 1433 1468 eaque
1461 1409 1774 1452 discernamus

325 1545 354 1576 1.
380 1545 438 1583 In„
463 1546 605 1583 Ennius,
628 1556 660 1586 p.
685 1546 744 1577 147
765 1556 827 1587 sq.,
852 1546 911 1577 150
932 1556 1016 1587 sqq.;
1037 1546 1130 1578 Enni
1146 1549 1178 1578 et
1199 1547 1305 1578 Naevi
1322 1546 1398 1584 rel„
1416 1547 1468 1578 ubi
1489 1555 1603 1586 supra;
1621 1545 1773 1584 Scaeam,

284 1603 314 1634 p.
336 1593 367 1626 9.

324 1640 354 1672 Q.
382 1641 416 1671 L.
440 1641 600 1677 niutan,
622 1641 714 1672 Enni
735 1643 767 1672 el
784 1641 888 1672 Naevi
907 1641 1020 1683 reliq„
1045 1652 1076 1682 p.
1101 1652 1178 1673 xxmv
1202 1652 1207 1672 :
1232 1657 1245 1669 ιι
1270 1642 1310 1673 Ut
1330 1645 1455 1672 constat
1478 1641 1632 1672 Naevium
1655 1641 1776 1681 pariter

283 1692 378 1728 atque
412 1688 547 1718 Ennium
576 1688 701 1719 dixisse
730 1688 895 1719 Romulum
918 1690 1046 1720 Aeneae
1067 1699 1105 1720 ex
1134 1690 1200 1720 {ilia
1221 1692 1388 1728 nepotem,
1410 1692 1545 1728 apparet
1571 1698 1609 1718 ne
1632 1689 1775 1728 potuisse

282 1736 412 1776 quidem
431 1736 498 1766 fieri
522 1739 555 1766 111
573 1736 627 1766 illa
649 1736 768 1767 faceret
788 1738 929 1767 Aeneam
951 1737 1171 1767 devertentem
1192 1737 1230 1767 ad
1250 1736 1345 1773 Dido,
1359 1737 1384 1766 si
1408 1736 1502 1766 1110110
1523 1739 1553 1766 01
1574 1736 1644 1775 ipse
1662 1736 1775 1766 eodem

281 1793 366 1814 anno
390 1783 518 1814 Romam
540 1787 570 1814 et
592 1783 819 1823 Carthaginem
840 1784 974 1815 tradidit
995 1784 1172 1816 conditam.
1199 1797 1212 1811 »
1238 1783 1372 1814 Versum
1395 1787 1499 1814 autem
1517 1783 1629 1814 Naevii
1654 1782 1772 1814 Didoni

282 1831 412 1871 saepius
433 1831 630 1871 adscriptum
649 1841 654 1861 :
673 1845 686 1858 «
714 1831 832 1861 blande
853 1835 882 1861 vt
902 1831 995 1862 docte
1018 1834 1201 1871 percontat,
1219 1841 1281 1871 (1110
1308 1834 1399 1870 pacto
1421 1832 1529 1861 Aenea
1550 1830 1668 1861 Urbem
1691 1830 1775 1860 Tro-

278 1879 342 1918 jam
365 1878 546 1918 linquisset,
572 1892 585 1905 »ι
609 1879 708 1909 Latini
735 1879 819 1919 regis
842 1880 980 1909 Aeneam
1005 1880 1142 1919 benigne
1164 1879 1353 1919 accipientis
1370 1879 1468 1909 verba
1490 1888 1562 1909 esse
1575 1878 1609 1908 L.
1627 1878 1776 1909 Mui-:LLER

278 1925 415 1965 judicat.
453 1925 514 1965 (Cf.
552 1926 591 1956 de
620 1936 735 1956 versus
770 1927 861 1956 istius
897 1927 1077 1964 disceptato
1100 1930 1186 1957 textu
1215 1926 1360 1957 eumdem
1386 1927 1552 1962 Alcmana,
1575 1926 1607 1956 in
1635 1926 1776 1956 editione

281 1972 374 2003 Nonii
399 1974 557 2011 Marcelli,
583 1974 629 2004 De
654 1973 894 2014 compendiosa
919 1973 1092 2012 doctrina,
1113 1977 1136 2006 t.
1161 1974 1183 2013 l,
1207 1984 1237 2014 p.
1263 1973 1322 2004 5537
1344 1977 1376 2004 et
1396 1977 1418 2003 t.
1442 1973 1479 2009 ll,
1503 1984 1534 2013 p.
1557 1973 1624 2013 85.)

325 2022 365 2051 At
383 2021 465 2051 enim
484 2022 543 2051 nisi
567 2022 706 2052 Naevius
729 2021 927 2062 Enniusque,
950 2022 1003 2052 alii
1025 2025 1111 2053 certe
1133 2022 1292 2052 tinxerant
1313 2021 1469 2052 Didonem
1491 2021 1554 2061 (vel
1582 2021 1718 2062 Annam)
1740 2030 1774 2052 se

283 2069 410 2099 Aeneae
443 2078 549 2099 amore
585 2069 812 2108 conjunxisse,
843 2073 924 2100 teste
951 2069 1094 2100 Varrone
1127 2069 1211 2109 11111111
1250 2068 1409 2100 Servium.
1434 2068 1551 2099 Verum
1583 2069 1690 2099 sabula
1721 2068 1777 2099 illa

282 2117 414 2147 tractari
437 2116 484 2146 vel
517 2117 622 2156 potius
655 2117 760 2147 obiter
787 2117 946 2147 enuntiari
980 2127 1041 2147 non
1073 2117 1176 2157 potuit
1203 2117 1265 2146 nisi
1296 2126 1314 2146 a
1341 2117 1463 2146 minore
1491 2116 1711 2146 tantummodo
1739 2125 1775 2147 ac

284 2163 481 2203 perobscuro
503 2167 608 2203 poeta,
630 2164 722 2203 cujus
745 2174 783 2194 ne
807 2173 922 2194 nomen
943 2164 1072 2204 quidem
1100 2164 1138 2194 ad
1167 2174 1225 2194 nos
1248 2163 1454 2203 pervenerit;
1479 2181 1518 2185 —
1539 2166 1592 2193 aut
1613 2163 1707 2194 etiam
1735 2172 1775 2194 ne

284 2211 405 2250 scripta
423 2211 551 2250 quidem
581 2211 658 2248 suit,
686 2211 743 2241 sed
766 2211 797 2241 in
821 2211 1010 2251 vulgaribus
1030 2221 1065 2241 ac
1088 2211 1251 2251 religiosis
1271 2210 1389 2240 fabulis
1416 2213 1566 2241 contenta
1589 2209 1650 2242 fuit
1671 2210 1774 2241 donec

283 2257 358 2288 inde
379 2267 447 2288 eain
471 2257 631 2297 Vergilius
652 2262 791 2289 erueret.
812 2259 928 2299 Utique
951 2259 1059 2299 igitur,
1082 2262 1112 2289 et
1135 2258 1286 2288 utrolibet
1305 2267 1322 2287 a
1343 2257 1428 2288 fonte
1453 2257 1613 2297 Vergilius
1635 2257 1771 2288 Didonis

283 2314 353 2335 cum
368 2305 480 2335 Aenea
501 2315 639 2336 amorem
659 2306 795 2345 accepit,
818 2315 880 2336 non
905 2316 1037 2346 prorsus
1061 2309 1133 2336 ante
1155 2306 1243 2335 illum
1265 2305 1425 2335 luculente
1446 2314 1549 2345 neque
1571 2305 1679 2335 vivide
1701 2305 1775 2336 des-

283 2352 420 2391 criptum
443 2352 544 2382 fuisse
565 2353 648 2383 hunc
670 2362 809 2383 amorem
832 2357 922 2384 extra
943 2353 1073 2384 dubium
1099 2362 1182 2383 nunc
1205 2353 1345 2392 ponitur.

323 2399 353 2429 3.
381 2398 427 2430 Cf.
461 2399 595 2431 §Eam-s
625 2401 656 2430 in
684 2401 768 2433 Aen.
804 2401 831 2435 1,
855 2400 925 2434 198,
954 2400 1033 2439 ‘207;
1060 2401 1096 2437 11,
1119 2400 1201 2438 ’ῖ9ἶ;
1223 2399 1283 2437 111,
1307 2399 1368 2438 1Ο;
1399 2399 1451 2438 IV,
1479 2399 1524 2437 93
1553 2399 1607 2437 IX,
1636 2399 1707 2431 715.
1734 2399 1777 2430 Ea

283 2455 410 2486 quoque
430 2456 511 2487 quae
534 2447 617 2487 apud
640 2447 793 2478 Naevium
817 2448 1015 2488 Enniumque
1030 2458 1066 2478 ac
1083 2447 1258 2488 Vergilium
1281 2447 1410 2478 diverso
1433 2447 1526 2478 modo
1547 2447 1665 2478 tradita
1688 2451 1775 2485 sunt,

284 2493 418 2524 Servius
440 2495 552 2525 sedulo
574 2496 707 2527 notavit.

324 2541 354 2571 4.
381 2541 466 2572 Satis
489 2545 596 2572 notum
617 2545 666 2572 est
688 2542 856 2573 latinorum
878 2543 1105 2574 historicorum
1125 2545 1269 2574 velerum
1291 2542 1463 2580 neminem,
1487 2542 1554 2572 sive
1575 2543 1629 2582 qui
1655 2542 1775 2583 integri

284 2589 325 2619 ad
341 2598 399 2619 nos
416 2598 591 2629 pervenere
612 2590 710 2629 (Lux,
734 2590 755 2625 1,
772 2591 804 2628 n,
822 2591 891 2621 sive
913 2600 1047 2630 qnorum
1065 2590 1241 2631 fragmenta
1261 2589 1417 2630 quaedam
1435 2593 1609 2629 supersunt
1627 2590 1680 2629 (cf.
1697 2590 1776 2620 His-

285 2638 350 2668 ιον.
374 2636 468 2668 Rom.
483 2637 693 2677 s'›·a9172.,ed.
720 2637 846 2675 Puram,
870 2638 908 2668 de
931 2638 1056 2668 Didone
1076 2637 1251 2678 quidquam
1273 2637 1402 2667 novisse
1426 2637 1551 2667 videtur
1568 2637 1675 2677 :quod
1698 2646 1777 2668 con-

284 2684 391 2714 firmat
411 2683 465 2714 illa
485 2684 523 2714 de
538 2685 666 2715 Aeneae
691 2685 858 2715 erroribus
874 2686 1028 2722 narratio,
1045 2694 1125 2725 quae
1147 2684 1256 2715 libello
1270 2683 1311 2715 de
1325 2683 1465 2724 Oriyine
1478 2684 1592 2726 yentis
1609 2694 1776 2716 romanae

283 2731 477 2765 continetur.
509 2740 654 2771 quaeque
684 2741 700 2762 e
730 2732 840 2762 multis
872 2733 1014 2772 antiquis
1047 2732 1262 2772 scriptoribus
1289 2731 1488 2770 (Alexandro
1521 2731 1674 2772 Ephesio,
1698 2731 1774 2763 Caio

284 2777 434 2815 Caesare,
457 2779 554 2809 Lucio
575 2778 724 2818 Caesare,
749 2779 878 2818 Catone,
898 2780 1026 2817 Pisone,
1051 2779 1187 2816 Lutatio,
1210 2778 1361 2817 Domitio,
1384 2778 1544 2816 Vulcatio,
1567 2780 1670 2811 Acilio
1693 2780 1774 2811 Pol-

284 2825 382 2864 lione)
404 2826 539 2857 collecta
559 2826 599 2857 ab
620 2826 743 2857 incerto
765 2830 896 2858 auctore
918 2827 987 2858 fuit.

325 2873 354 2905 5.
381 2873 417 2904 Et
437 2873 524 2904 illam
542 2874 621 2904 satis
639 2874 764 2914 plenam
785 2883 893 2905 rerum
914 2875 1014 2906 fuisse
1035 2874 1143 2912 credo,
1166 2883 1206 2905 ex
1227 2873 1329 2914 ipsius
1349 2873 1483 2914 Vergilii
1505 2875 1624 2912 verbis,
1644 2874 1667 2912 I,
1689 2874 1747 2906 341
1765 2884 1772 2905 :

285 2921 400 2962 Lon9a
422 2923 472 2952 est
494 2920 640 2961 injuria,
665 2920 789 2961 [onyae
810 2921 1003 2963 ‚4172b09e5;
1022 2922 1083 2953 sed
1102 2931 1237 2952 summa
1257 2931 1388 2962 sequar
1407 2921 1555 2963 fastiyicz
1576 2931 1716 2960 rerum,·
1735 2939 1774 2945 -
