1889 3319
664 207 792 236 CAPUT
828 209 1023 238 TERTst‘M.
1531 197 1585 238 47

103 337 364 381 quanquam
399 321 564 373 Diana,
607 338 802 380 quacum
836 325 995 367 eodem
1037 326 1080 367 in
1121 325 1220 369 1000
1267 330 1581 384 comparatur,

100 393 316 454 nymphis
343 393 625 437 circumdata
653 397 749 437 est¹
780 410 788 440 :

781 532 899 566 quam
921 525 1030 558 mille
1052 528 1206 560 secutae

349 576 446 610 Hinc
466 580 584 618 atque
603 577 696 610 hinc
721 578 986 620 glomerantur
1006 579 1214 612 Oreades...

101 688 344 747 Displicuit
382 692 534 731 autem
574 690 681 732 olim
722 690 997 748 quibusdam
1038 691 1160 749 quod
1199 691 1363 734 Didoni
1411 692 1581 734 nullam

102 760 282 803 adstare
298 760 516 802 feminam
535 760 764 817 Vergilius
781 761 981 804 finxisset
1004 777 1012 806 ε
1032 764 1245 820 quoniam
1264 764 1382 805 enim
1401 761 1584 805 Cartha-

100 832 195 888 gini
214 832 287 874 vix
315 831 521 874 conditae
549 831 778 874 theatrum
800 833 966 876 latinus
987 838 1121 892 poeta
1145 834 1363 891 impertit,
1389 849 1468 876 cur
1494 849 1582 875 non

101 903 341 961 optimates
368 918 550 961 quoque
580 908 824 955 matronas,
856 908 1074 962 tanquam
1102 905 1268 947 amicas
1304 908 1346 947 et
1373 905 1577 957 ancillas,

99 973 273 1016 Elissae
301 973 460 1016 dedit?
488 975 645 1032 Neque
674 975 794 1017 enim
821 976 1005 1030 gravius
1032 975 1117 1018 1100
1145 976 1222 1018 1110
1249 976 1405 1018 fuisset
1424 975 1583 1018 adver-

100 1059 176 1088 sus
202 1059 355 1087 rerum
382 1046 731 1103 praeteritarum
762 1047 997 1088 veritatem
1024 1051 1276 1104 peccatum.

157 1114 328 1158 Verum
356 1143 410 1147 --
442 1115 493 1173 (si
522 1116 633 1174 quid
654 1116 789 1159 modo
817 1117 860 1159 in
888 1117 974 1160 hoc
1001 1117 1230 1173 Yergilius
1258 1116 1459 1159 haesisse
1496 1132 1582 1174 pu-

97 1185 261 1228 tandus
290 1186 382 1244 sit),
407 1213 464 1218 -—
489 1202 639 1229 nonne
667 1187 953 1230 artificiosius
981 1188 1064 1230 fuit
1098 1188 1239 1230 solam
1259 1188 1270 1208 2
1297 1187 1383 1229 hoc
1416 1188 1459 1229 in
1482 1187 1581 1229 1000

97 1257 228 1299 nobis
267 1257 493 1301 Didonem
532 1259 888 1316 repraesentari,
936 1258 1235 1301 obscurorum
1278 1259 1472 1300 militum
1512 1274 1582 1301 00-

95 1331 223 1371 terva
261 1329 454 1372 cinctam
507 1344 702 1387 quorum
747 1330 914 1371 0011105
957 1344 1143 1387 prorsus
1184 1330 1387 1371 meminit
1422 1333 1576 1387 poeta.

94 1399 181 1441 nisi
207 1399 367 1454 Bitiae,
400 1402 573 1443 strenui
600 1416 722 1453 sane,
751 1401 1000 1443 rusticioris
1029 1416 1136 1443 vero
1165 1401 1308 1450 (10015,
1340 1401 1417 1458 qui
1447 1418 1465 1439 «
1496 1401 1580 1442 im-

93 1470 223 1529 pigre
257 1490 276 1511 »
304 1472 521 1530 poculum
553 1472 735 1515 haurire
769 1472 915 1515 solet?
941 1471 1293 1514 Oblectamentis
1320 1472 1430 1523 illis,
1464 1487 1579 1530 quae

94 1558 118 1585 e
151 1543 364 1586 muliebri
402 1548 532 1586 coetu
570 1549 808 1602 petuntur,
851 1544 1027 1602 privata
1055 1543 1170 1585 Dido
1198 1547 1285 1596 est,
1316 1543 1578 1601 privarique

95 1614 263 1658 dolet³.
293 1615 544 1658 Delicatam
582 1616 701 1657 enim
735 1620 1029 1674 teneramque
1076 1615 1213 1657 animi
1263 1614 1578 1672 excultamque

93 1687 263 1743 ingenii
286 1687 523 1730 mulierem
551 1687 776 1729 barbarae
803 1687 921 1729 inter
947 1686 1086 1728 duros
1115 1685 1446 1728 commilitones
1460 1686 1578 1727 vitae

93 1759 296 1801 taedium
329 1759 481 1801 subire
522 1773 606 1817 par
645 1762 732 1809 est,
775 1773 922 1816 neque
965 1772 1156 1816 parvum
1194 1756 1388 1800 solitudo
1425 1757 1580 1799 100110-

93 1833 297 1872 mentum
326 1829 380 1872 ad
410 1844 613 1872 amorem
638 1829 798 1871 afferre
828 1829 941 1871 solet
961 1829 985 1871 ’·.

151 1900 271 1943 Illud
298 1916 479 1959 quoque
509 1901 639 1943 docte
667 1904 872 1943 notatum
900 1900 1004 1951 fuit,
1035 1900 1079 1941 in
1117 1899 1203 1941 hoc
1238 1899 1373 1941 etiam
1408 1898 1578 1940 claudi-

92 1987 195 2015 care
233 1971 422 2014 Didonis
463 1986 564 2014 oum
605 1971 748 2014 Diana
787 1970 1219 2029 comparationem⁵²
1276 1968 1398 2027 quod
1448 1969 1577 2025 virgo

90 2043 236 2087 Diana
262 2044 334 2095 sit,
364 2038 479 2085 Dido
513 2057 622 2085 vero
658 2046 800 2100 nupta
837 2042 1027 2083 suerit...
1073 2040 1162 2083 Sed
1204 2043 1245 2082 et
1275 2039 1386 2081 illud
1427 2040 1575 2097 ipsum

91 2114 426 2157 consideratum
455 2113 816 2170 meditatumque
839 2113 1043 2168 Vergilio
1069 2112 1208 2154 fuisse
1236 2110 1458 2166 conjicere
1485 2125 1573 2152 non

91 2185 343 2229 absurdum
371 2189 454 2228 est.
486 2184 597 2227 Cum
626 2185 745 2226 enim
774 2184 1015 2227 coelestem
1043 2183 1321 2225 venatricem
1354 2196 1455 2224 cum
1495 2196 1575 2223 au-

87 2363 95 2367 *
133 2327 161 2358 1.
184 2327 310 2358 Gncpps
329 2327 466 2368 (Minos,
488 2337 518 2367 p.
539 2326 610 2360 213)
631 2335 694 2356 000
717 2326 808 2356 aliam
830 2335 959 2356 causam
977 2325 1069 2356 affert
1089 2324 1253 2364 rejiciendi
1279 2326 1349 2354 octo
1370 2324 1443 2354 illos
1462 2332 1575 2354 versus

91 2374 259 2416 (498-505)
281 2385 374 2415 quam
391 2375 525 2414 hujusce
547 2373 796 2414 comparationis
813 2373 1091 2404 claudicationem.

131 2422 162 2453 2.
186 2422 232 2453 Cf.
257 2422 341 2453 infra
360 2422 400 2453 de
421 2422 488 2462 illo,
509 2431 571 2462 quo
592 2421 756 2461 Vergilius
777 2420 935 2451 Didonem
959 2421 1042 2451 affici
1063 2420 1149 2456 fecit,
1180 2433 1194 2447 «
1228 2419 1413 2449 solitudinis
1442 2431 1456 2445 n
1484 2418 1574 2459 quasi

90 2473 188 2502 metu.

129 2517 160 2548 3.
183 2517 350 2558 ingeniose
371 2517 491 2555 Hssxm',
513 2516 696 2553 Aeneidea,
720 2515 742 2553 Ι,
764 2514 914 2548 850-851.
936 2516 974 2546 de
1001 2518 1095 2546 cantu
1124 2514 1216 2554 Iopae
1244 2514 1275 2544 in
1302 2513 1437 2544 Didonis
1467 2513 1575 2544 convi-

89 2564 141 2595 vio
163 2574 169 2595 :
190 2578 204 2592 «
231 2563 295 2595 The
312 2563 404 2595 calm
431 2563 501 2595 and
522 2561 782 2604 plzilosoplzical
807 2561 942 2603 subject
973 2562 1014 2601 of
1038 2561 1151 2602 Iopas-¹
1170 2570 1253 2602 sons)
1274 2562 1451 2591 eontrasls
1470 2559 1574 2600 finely

90 2611 173 2643 with
201 2611 257 2642 the
286 2611 495 2653 subsequen!
524 2610 694 2642 romantir
723 2609 796 2640 ancl
824 2610 977 2649 efestias]
1012 2609 1188 2639 narrative
1215 2608 1257 2647 of
1278 2607 1422 2638 Aeneas.
1446 2607 1485 2637 Ιη
1509 2606 1576 2638 this

90 2661 231 2700 respect,
253 2669 292 2690 as
309 2660 342 2690 in
357 2668 393 2689 so
409 2668 512 2699 many
528 2658 656 2688 other&
681 2656 790 2697 I'irssil
810 2657 875 2687 has
889 2655 1063 2696 improved
1084 2665 1173 2695 upon
1196 2655 1250 2685 his
1273 2656 1402 2684 master
1420 2654 1576 2687 (Homer)

91 2705 164 2737 who
184 2705 326 2747 maltiny
349 2705 402 2736 his
430 2704 587 2735 minslrel
605 2705 684 2746 sinq
703 2703 776 2734 and
795 2703 848 2733 his
868 2703 948 2733 hero
972 2702 1032 2733 tell
1052 2701 1224 2741 similarly]
1246 2700 1415 2731 romantio
1440 2700 1573 2732 scm-ies.

91 2752 179 2784 loses
200 2753 258 2784 the
275 2753 474 2793 advantaqe
496 2754 538 2791 of
553 2753 720 2783 cono—ast.
747 2764 760 2776 υ

131 2800 161 2830 4.
184 2799 232 2831 Cf.
254 2801 352 2837 Aen.,
373 2799 424 2838 IV,
447 2798 597 2837 466-462
620 2798 677 2829 551
701 2801 731 2828 et
751 2798 832 2828 intra
853 2807 907 2837 pp.
929 2797 1034 2828 51-52.

129 2847 160 2878 5.
180 2847 226 2879 Cf.
248 2857 286 2878 ea
305 2857 386 2887 quae
406 2847 493 2887 apud
514 2846 682 2882 Fonmeffiz,
705 2846 737 2876 in
761 2846 858 2882 Aen.‚
881 2844 903 2881 Ι,
921 2844 991 2881 499,
1009 2844 1200 2881 Coxxxorox,
1218 2842 1315 2880 ibid,
1336 2841 1406 2878 498,
1430 2842 1573 2882 aliosque

91 2897 358 2926 commentatores
382 2894 533 2925 citantur.
