1889 3319
245 175 300 216 20
848 185 950 213 PARS
983 184 1122 214 PRIOR.

243 305 314 347 lus
355 303 544 346 forsitan
588 302 699 355 fuit,
743 302 820 359 qui
862 301 1058 344 dolentis
1098 301 1286 356 virginis
1332 302 1532 344 animum
1571 301 1730 346 sedulo

244 375 500 434 exprimere
528 373 741 429 dignatus
770 373 839 415 sit.

300 516 422 572 Ergo
473 516 537 558 ita
582 530 745 559 censeo
794 529 802 558 :
852 516 1060 574 quamvis
1110 530 1202 558 non
1251 515 1403 558 omnia
1453 515 1732 572 antiquitatis

243 588 412 645 scripta
437 588 481 629 in
510 586 721 629 manibus
749 587 1016 640 habeamus,
1047 591 1143 629 tuto
1170 591 1321 629 tamen
1350 587 1481 629 nobis
1506 585 1732 641 conjicere

241 658 376 701 datur
414 658 527 701 nihil
566 659 660 701 sere
700 673 781 701 nos
823 673 981 700 eorum
1022 658 1163 700 latere
1208 673 1325 716 quae
1372 657 1426 700 de
1472 657 1647 699 Didone
1691 660 1733 699 et

239 730 565 773 Andromacha
591 731 859 786 cognovisse
887 744 1072 772 neeesse
1101 731 1172 782 sit,
1196 729 1484 785 Vergilianae
1506 743 1610 771 cum
1636 729 1734 770 imi-

239 802 422 844 tationis
450 805 546 844 tum
572 802 843 844 inventionis
871 802 1068 844 rationes
1096 805 1140 844 et
1168 802 1261 843 vias
1288 801 1549 859 perspicere
1573 814 1734 856 aggre—

241 872 488 915 dientibus.
521 874 921 931 Supervacaneam
948 873 1289 930 philologorum
1314 872 1505 914 istorum
1534 886 1631 913 esse
1660 887 1735 914 eu—

240 959 339 986 ram
390 945 612 997 existimo,
669 945 746 1002 qui
788 959 970 1002 semper
1020 944 1078 986 ad
1128 945 1308 1000 ignotos
1349 943 1480 986 nobis
1526 946 1733 985 auctores

240 1016 506 1073 respiciunt,
544 1015 829 1074 libenterque
865 1015 1089 1069 dictitant,
1126 1015 1342 1058 nonnulla
1376 1018 1558 1072 praesto
1593 1014 1731 1056 fuisse

240 1086 443 1142 Vergilio
472 1087 692 1139 subsidia,
733 1091 776 1129 et
801 1087 880 1129 illa
922 1087 1057 1129 ctiam
1091 1088 1221 1145 plura
1250 1091 1327 1129 aut
1352 1086 1564 1129 uberiora
1594 1100 1732 1143 quam

240 1173 294 1200 ea
320 1159 419 1216 ipsa
454 1174 569 1217 quae
606 1159 737 1201 nobis
772 1159 953 1214 cognita
984 1164 1102 1201 sunt.
1135 1159 1299 1201 Contra
1332 1174 1417 1215 ego
1452 1159 1522 1199 vix
1554 1158 1731 1199 levissi-

239 1244 365 1272 mum
397 1230 529 1273 nobis
565 1231 745 1273 errandi
778 1231 1033 1289 periculum
1067 1230 1355 1273 subeundum
1390 1245 1487 1272 esse
1517 1228 1727 1283 arbitror,

240 1302 277 1343 si
317 1316 369 1344 ea
405 1317 522 1360 quae
560 1303 603 1344 in
644 1302 859 1356 Homero,
896 1302 1130 1360 Euripide,
1166 1302 1427 1361 Apollonio,
1463 1300 1726 1353 Theocrito,

240 1372 416 1416 Catullo
448 1389 537 1416 non
565 1375 867 1432 reperiantur,
900 1373 1090 1430 Vergilii
1118 1389 1216 1418 esse
1245 1373 1527 1417 confidenter
1560 1376 1730 1417 statue-

237 1459 395 1487 rimus.
