1889 3319
661 190 790 219 CAPUT
824 191 1049 221 SECUNDUM.
1543 177 1597 220 33

115 304 387 362 Vergilium,
417 320 653 364 nunquam
679 320 789 348 vero
816 305 872 349 de
901 306 1118 361 Molosso,
1151 307 1229 365 qui
1256 322 1312 350 ne
1337 306 1599 350 nominatur

117 377 302 435 quidem
330 393 356 420 a
379 381 531 436 poeta.

175 447 293 491 Num
320 451 472 491 autem
499 451 679 506 oportet
704 449 973 491 inclitissimi
996 449 1119 507 apud
1141 449 1293 493 Gallos
1310 449 1397 491 hoc
1416 449 1600 491 ineunte

118 518 299 562 saeculo
327 519 559 578 scriptoris
577 519 588 541 ¹
616 520 762 562 refelli
785 520 1061 578 opinionem.
1088 520 1164 578 qui
1181 519 1384 575 Vergilio
1411 520 1496 562 hoc
1525 519 1604 561 ob-

112 590 213 647 jicit
239 590 362 650 quod
387 590 710 633 Andromacha
738 591 886 634 subito
915 592 1167 633 occurrenti
1194 591 1375 633 Aeneae
1410 605 1498 633 non
1532 590 1602 632 di-

117 665 215 706 cat:
240 661 523 719 «Astyanax,
554 661 634 704 ubi
661 662 812 705 est‘?...
842 680 881 715 >›‚
907 662 987 704 sed
1017 681 1036 701 «
1064 662 1248 715 Hector,
1266 662 1346 704 ubi
1370 662 1523 704 est?...
1559 680 1598 714 »‚

117 733 247 792 quasi
274 734 336 776 sic
361 733 441 776 illa
465 733 685 776 fateretur
710 748 851 792 parva
878 749 923 776 se
951 734 1134 776 caritate
1164 734 1432 776 exstinctum
1459 732 1604 774 filium

116 804 392 864 prosequi2?
417 804 577 847 Nonne
606 809 761 847 contra
790 805 975 847 meliore
999 805 1102 861 jure
1130 803 1404 862 reprehendi
1432 804 1604 862 potuis-

117 879 201 930 set,
229 876 266 918 si
292 876 420 934 prius
449 875 505 918 de
529 876 624 918 filio
652 891 785 934 quam
817 876 872 919 de
901 876 1095 933 conjuge
1123 875 1496 934 percontaretur?
1522 874 1601 917 Ille

117 961 224 989 vero
251 946 459 1003 conjugis
487 961 616 989 amor
643 951 847 990 materno
873 962 963 990 non
990 951 1124 990 nocet
1151 947 1293 989 amori
1324 960 1332 990 :
1364 946 1478 988 alter
1501 949 1621 988 tan-2

115 1018 352 1061 tummodo
380 1018 523 1061 altero
550 1019 677 1077 prior
704 1020 999 1077 expromitur.
1017 1019 1156 1077 Atqui
1184 1034 1235 1061 ex
1259 1017 1388 1060 illis«
1409 1017 1601 1074 geminis

117 1090 207 1133 aris
237 1108 276 1144 »‚
306 1104 419 1149 quas
449 1108 469 1129 ‹<
501 1090 775 1133 Hectoreum
802 1091 861 1133 ad
886 1091 1113 1134 tumulum
1145 1109 1164 1130 »
1194 1090 1390 1134 sacravit
1422 1088 1603 1132 Andro-

116 1161 298 1215 macha,
339 1177 476 1205 unam
509 1162 794 1219 Astyanactis
823 1162 1032 1206 Manibus
1061 1162 1257 1205 dicatam
1288 1161 1473 1204 credere
1502 1160 1602 1219 quis

116 1235 266 1276 vetat?
304 1233 500 1276 Versum
537 1234 657 1276 enim
695 1234 849 1288 istum,
881 1234 936 1276 de
970 1249 1060 1293 quo
1101 1233 1396 1291 disceptatur,
1434 1232 1495 1274 sic
1529 1246 1604 1274 ex-

116 1305 295 1363 planari
322 1319 456 1364 posse
496 1305 708 1348 arbitror.
755 1305 929 1363 Nempe
969 1320 1117 1348 nonne
1156 1305 1324 1347 idcirco
1355 1323 1374 1342 «
1404 1302 1603 1361 qemz'nas

119 1391 219 1426 aras
247 1391 430 1420 causam
458 1377 683 1420 lacrimis³
715 1396 734 1417 »
765 1393 862 1421 esse
890 1377 950 1420 ait
978 1380 1127 1435 poeta,
1154 1376 1276 1434 quod
1299 1394 1317 1415 «
1349 1375 1558 1431 geminae
1581 1393 1600 1413 »

119 1451 238 1495 sunt,
271 1448 557 1507 duplicisque
587 1448 754 1507 duplex
780 1450 928 1492 luctus
956 1448 1335 1491 monumentum?

179 1518 270 1562 Sed
295 1534 351 1562 ne
379 1519 463 1563 hac
501 1520 685 1578 quidem
723 1521 1097 1579 interpretatione
1126 1534 1239 1578 opus
1269 1522 1337 1561 est
1362 1522 1410 1561 ut
1443 1521 1606 1560 mater-

119 1604 201 1632 nos
242 1590 593 1634 Andromachae
633 1606 792 1634 sensus
836 1592 1033 1634 fideliter
1072 1606 1097 1633 a
1136 1590 1338 1646 Vergilio
1378 1592 1601 1641 retentos,

120 1665 329 1705 accurate
373 1662 624 1706 illustratos
665 1663 945 1706 confirmem.
986 1663 1145 1705 Nonne
1195 1662 1316 1704 enim
1360 1661 1474 1703 illud
1516 1675 1607 1703 me-

120 1733 258 1776 moris
295 1737 338 1776 et
372 1749 478 1776 vere
517 1738 748 1777 maternae
786 1735 985 1777 caritatis
1021 1734 1329 1776 testimonium
1366 1736 1454 1786 est,
1486 1731 1608 1790 quod

119 1804 334 1848 videlicet
359 1805 683 1849 Andromacha
709 1807 912 1849 Aeneam
937 1805 1216 1861 interroga&
1239 1819 1246 1848 :

326 1932 456 1973 Ecqua
476 1933 611 1965 tamen
630 1939 748 1973 puero
769 1934 830 1964 est
849 1931 1020 1964 amissae
1039 1938 1131 1963 cura
1151 1929 1351 1972 parentis?

181 2039 340 2097 Neque
367 2054 475 2082 vero
509 2039 628 2083 sicca
655 2039 972 2082 tantummodo
1007 2043 1070 2091 et,
1102 2041 1150 2081 ut-
1175 2039 1238 2081 ita
1265 2037 1436 2088 dicam,
1466 2036 1612 2079 incor-

165 2225 194 2257 1.
221 2225 323 2257 Ge'nie
343 2224 390 2256 du
413 2225 685 2256 Clzristianisme.
712 2235 741 2264 p.
767 2224 809 2261 H,
829 2224 850 2254 l.
873 2224 910 2260 ΙΙ,
933 2224 983 2254 ch.
1006 2234 1048 2254 VI.

163 2272 194 2304 2.
221 2272 421 2304 ΞΑιΝΤ-ΜΑΒΕ
442 2271 596 2303 GiaAamx
617 2271 862 2310 contratCoztrs
883 2271 922 2302 (le
943 2271 1023 2302 Litt.
1040 2271 1171 2310 ciram.)
1185 2270 1318 2311 quando
1333 2269 1371 2300 de
1385 2277 1517 2299 uxorum
1530 2268 1610 2298 cari-

124 2321 187 2351 tate
212 2329 288 2360 erga
307 2320 439 2351 maritos
459 2319 602 2353 disserit,
627 2319 884 2349 Andromacham
906 2318 1033 2349 omittit.
1056 2336 1094 2340 —
1117 2318 1224 2351 me.
1253 2317 1351 2357 Tray.
1374 2325 1488 2358 yrecs,
1512 2318 1534 2345 t.
1558 2314 1610 2352 Ill,

124 2367 197 2406 2952,
219 2367 322 2398 eidem
343 2367 484 2407 opinioni
507 2376 602 2407 quam
623 2376 694 2406 ego,
716 2366 946 2406 patrocinatur.

165 2414 195 2445 3.
222 2414 333 2445 HENRY
354 2414 584 2454 interpretatur
605 2413 802 2453 (Aeneiclea,
826 2413 863 2450 Π,
887 2423 918 2453 p.
942 2412 1012 2452 4⁷09)
1037 2423 1043 2443 :
1067 2427 1080 2440 ι(
1106 2413 1257 2444 Causam
1279 2411 1467 2451 lacrymis:
1489 2420 1612 2451 provo-

124 2462 234 2493 cative
264 2464 298 2493 Co
329 2464 442 2496 bears:
469 2463 503 2491 to
532 2461 641 2492 which
674 2461 736 2491 slze
764 2470 841 2501 may
868 2470 959 2491 come
982 2461 1013 2491 in
1040 2460 1143 2491 order
1164 2462 1197 2491 to
1219 2460 1322 2501 enjoy
1345 2459 1400 2489 the
1422 2458 1554 2498 luwztry
1575 2458 1618 2497 of

126 2512 238 2545 tears;
255 2523 269 2536 υ
290 2509 397 2545 nimis,
420 2508 531 2548 credo,
551 2508 697 2540 subtilem
720 2508 1029 2548 interpretationem.
1047 2525 1084 2530 —
1100 2508 1145 2538 De
1166 2508 1296 2538 diversa
1317 2507 1411 2546 hujus
1428 2506 1489 2536 loci
1512 2506 1613 2535 inter-

124 2557 321 2598 pretatione,
342 2556 416 2587 vide
439 2557 627 2587 pammenius>
654 2559 684 2586 et
714 2556 883 2586 Foamcna.
907 2573 947 2577 —
978 2555 1043 2595 Ego
1073 2558 1177 2585 autem
1210 2564 1340 2585 sensum
1374 2554 1461 2584 illum
1495 2562 1612 2593 sequor

125 2614 218 2646 quem
234 2604 373 2644 priorem
395 2603 539 2642 Sanvxus,
564 2604 691 2634 unicum
715 2603 832 2639 Harsa,
857 2602 1016 2639 messa,
1038 2604 1286 2642 proposuerunt.

166 2652 195 2683 4.
223 2651 368 2682 Attamen
396 2661 447 2682 vir.
475 2650 611 2682 339-3'43
642 2651 830 2681 Pasanmw
862 2651 990 2690 spurios
1011 2653 1131 2684 censet.
1159 2663 1172 2677 «
1206 2649 1268 2680 hac
1298 2659 1393 2680 causa
1423 2649 1501 2679 satis
1535 2648 1609 2684 levi,

125 2700 230 2741 inquit
260 2700 439 2730 rectissime
472 2699 639 2737 FonffloEn,
670 2699 824 2739 adjectu:
853 2712 867 2725 <c
892 2699 961 2729 Non
996 2697 1133 2728 decebat
1166 2697 1423 2728 Andromacham
1455 2704 1610 2736 quaerere

124 2747 312 2778 viverentne
334 2746 492 2777 Ascanius
509 2749 540 2777 et
561 2745 692 2783 Creusa,
711 2756 748 2776 ne
771 2747 794 2776 si
819 2746 931 2776 mortui
949 2744 1225 2781 essent,dolorcm
1247 2745 1373 2775 Aeneae
1396 2744 1576 2775 suscitarer..
1595 2755 1609 2769 »ν

129 2811 165 2818 -
186 2794 286 2826 Multo
303 2793 416 2825 melius
437 2793 543 2824 Ham-13
566 2803 572 2823 ε
597 2807 611 2821 (ι
634 2794 719 2824 Haec
743 2794 877 2824 affectus
906 2792 1072 2823 muliebris
1092 2791 1187 2831 plena
1210 2795 1240 2822 et
1260 2790 1501 2822 Andromaches
1522 2791 1610 2831 inge-

127 2842 180 2872 nio
195 2844 423 2872 consentanea.
443 2854 457 2867 »
473 2860 511 2863 ——
526 2841 644 2879 Hmpr,
660 2840 815 2878 Gossmn,
832 2840 988 2872 Garum-³
1012 2839 1103 2870 uncis
1123 2839 1293 2870 includunt
1313 2839 1397 2869 hunc
1418 2838 1533 2876 locum,
1556 2847 1609 2869 ex-

129 2888 230 2929 ceptis
251 2888 344 2919 modo
366 2888 479 2928 primis
500 2898 528 2918 ν.
552 2888 614 2919 339
634 2888 743 2919 verbis
761 2897 767 2918 :
789 2887 881 2927 Quid
896 2897 987 2928 puer·
1007 2886 1201 2917 Ascanius?
1223 2886 1316 2916 modo
1337 2888 1402 2916 toto
1423 2894 1520 2916 versu
1535 2884 1609 2916 339.
