1889 3319
731 169 858 198 CAPUT
894 169 1090 198 TERTIUM.
1597 157 1647 199 91

229 284 327 326 Non
355 287 506 326 tamen
535 284 738 329 Didonis,
769 287 969 327 Δ10110;1;11
1002 286 1140 327 11111110
1172 286 1317 327 miuus
1351 300 1486 342 quain
1523 290 1654 328 antea

169 356 477 409 aestimantis,
508 370 755 414 rursusque
791 356 997 413 Sychaeo
1025 371 1224 398 amorem
1265 370 1396 398 suum
1434 356 1653 414 paulatim

167 426 415 480 reddentis,
444 426 523 468 illa
548 427 679 484 quasi
699 428 934 469 conversio
963 432 1006 470 et
1033 428 1325 470 commutatio
1350 427 1456 469 facit
1483 431 1532 470 ut
1558 442 1651 470 om-

166 498 272 540 nino
307 497 404 554 jam
445 513 497 540 ex
535 497 685 540 animo
726 498 824 554 ejus
858 498 1071 540 decidant
1110 499 1295 540 violenti
1334 499 1420 551 illi,
1465 498 1652 556 quibus-

165 584 360 627 cumque
395 569 522 627 prius
560 572 824 611 exaestuare
857 569 985 611 illam
1012 569 1230 621 vidimus,
1268 569 1487 612 adfectus,
1520 569 1654 622 Quod

164 643 388 686 testantur
405 641 507 699 ipsa
528 643 728 682 extrema
748 641 1027 696 vergilianae
1050 640 1238 683 Didonis
1257 640 1437 684 verba¹.

223 711 382 770 Neque
425 712 544 753 enim
585 726 635 753 ex
675 712 728 753 iis
775 715 971 766 constat,
1013 715 1242 754 recentem
1284 712 1383 767 ejus
1424 727 1474 755 ac
1515 713 1654 755 vehe-

163 785 361 825 mentem
394 783 440 824 in
474 782 677 824 Aeneam
714 783 827 824 iram
868 783 929 824 ita
962 783 1095 840 plane
1130 783 1396 825 exstinctam
1431 798 1549 836 esse,
1581 786 1650 835 ut,

164 854 422 912 anticipatis
462 853 801 912 quodammodo
839 854 1111 897 christianae
1153 854 1385 909 religionis
1421 854 1650 907 sensibus,

164 924 282 968 Dido
310 925 508 967 moriens
538 924 761 982 proditori
782 925 1002 980 ignoscat.
1028 925 1211 968 Minime
1240 925 1466 983 profecto;
1499 940 1655 984 supre-

164 1011 382 1055 mumque
434 996 626 1038 halitum
679 996 907 1049 efflatura,
966 1014 985 1034 «
1036 996 1209 1038 crudeli
1256 996 1465 1039 Dardano
1516 1016 1536 1037 »
1583 998 1655 1040 vel

167 1067 316 1111 adhuc
351 1067 605 1120 maledicit,
643 1067 917 1125 ultionisque
954 1071 1060 1109 tunc
1088 1068 1223 1109 etiam
1264 1068 1476 1123 cogitatio
1505 1069 1654 1111 animo

167 1139 452 1183 obversatur.
489 1138 661 1182 Verum
700 1139 814 1180 illud
854 1139 1088 1197 superstiti
1127 1139 1344 1181 satisfacit
1377 1139 1493 1192 irae,
1531 1139 1655 1197 quod

167 1210 252 1253 etsi
279 1210 499 1253 derelicta
525 1214 568 1252 et
595 1213 855 1268 contempta
881 1214 924 1252 et
952 1210 1144 1266 jamjam
1172 1210 1392 1252 moritura
1419 1210 1496 1263 sit,
1527 1211 1654 1253 dere-

165 1282 399 1340 linquente
425 1281 584 1324 Aenea
609 1296 660 1324 ac
686 1281 867 1324 vivente
896 1285 939 1324 et
964 1282 1187 1340 impunito
1211 1282 1479 1324 antecellere
1502 1285 1654 1325 tamen

168 1353 256 1396 sibi
280 1353 369 1412 ipsi
395 1353 574 1396 conscia
601 1356 668 1396 est
704 1367 712 1397 :

807 1430 1015 1464 Moriemur
1034 1428 1196 1470 inultae,

395 1477 462 1511 sed
479 1477 703 1518 moriamur,
724 1477 790 1511 ait.
813 1478 880 1515 Sic,
900 1478 950 1510 sic
963 1477 1067 1519 juvat
1090 1478 1142 1509 ire
1162 1477 1234 1511 sub
1259 1478 1439 1512 umbras!

227 1596 347 1640 Num
372 1611 528 1640 rursus
561 1598 763 1639 Aeneam
803 1611 890 1638 non
921 1596 1017 1652 jam
1057 1597 1211 1639 amat?
1252 1596 1408 1653 Longe
1449 1598 1652 1656 profecto

166 1667 297 1711 abest
322 1671 371 1711 ut
396 1671 573 1711 tantum
605 1668 831 1724 Vergilius
872 1671 1029 1710 contra
1067 1668 1510 1712 verisimilitudinem
1548 1686 1653 1729 pec-

162 1740 355 1782 caverit!
388 1738 797 1783 Verumenimvero
827 1754 969 1797 usque
994 1754 1263 1797 permanere
1292 1744 1336 1782 et
1363 1741 1514 1784 animo
1552 1743 1651 1798 ejus

161 1809 352 1854 haerere
376 1811 557 1854 Aeneae
586 1825 788 1854 amorem
817 1815 913 1853 tum
940 1811 1018 1853 illa
1044 1811 1145 1869 ipsa
1170 1811 1312 1854 verba
1340 1811 1610 1856 denuntiant
1639 1828 1647 1858 :

428 1947 570 1980 Dulces
589 1947 762 1984 exuviae.
785 1946 878 1979 dum
900 1946 978 1979 fata
1000 1946 1174 1989 deusque
1196 1946 1361 1989 sinebat,

428 1994 593 2037 accipite
614 1995 712 2028 hanc
733 1994 927 2034 animam;

161 2116 260 2157 tum
285 2113 493 2157 ardentia
511 2113 590 2156 illa
611 2128 727 2173 quae
757 2132 776 2152 «
804 2113 1014 2157 dulcibus
1045 2114 1215 2157 exuviis
1237 2114 1246 2136 ¹
1272 2132 1291 2155 »
1316 2114 1414 2171 figit
1435 2116 1615 2159 oscula²
1637 2130 1646 2162 z

163 2312 253 2344 xvm,
274 2303 310 2344 63
331 2304 404 2336 Tm.
430 2304 539 2343 Loca„
561 2295 686 2344 f1·.‘23).
710 2303 762 2335 Sic
782 2303 1018 2344 quodammodo
1036 2304 1194 2335 satisfacit
1213 2304 1342 2345 Didoni,
1365 2306 1475 2346 cujus,
1498 2307 1580 2338 sicut
1600 2308 1651 2338 di-

163 2351 207 2382 cit
226 2352 382 2383 Ausones
402 2352 533 2393 (Epigyr.
550 2352 589 2382 in
610 2351 723 2382 Didus
743 2352 954 2392 imaffl'ncm),
971 2364 985 2379 «
1003 2351 1117 2382 damna
1136 2352 1309 2391 pudicitiae
1330 2366 1344 2380 υ
1361 2354 1507 2393 tinxerat,
1528 2359 1559 2385 et
1577 2355 1650 2386 illa-

160 2400 224 2429 tam
244 2399 357 2438 famae,
379 2412 393 2427 «
424 2409 487 2441 qua
507 2401 573 2430 sola
595 2400 700 2429 sidera
719 2400 829 2430 adibat
849 2399 915 2439 (iv,
936 2399 1009 2435 321)
1035 2412 1060 2436 ›·‚
1085 2400 1232 2437 injuriam
1258 2401 1348 2440 quasi
1371 2401 1503 2441 corrigit
1523 2402 1585 2441 (Cf.
1609 2403 1649 2435 de

161 2455 259 2477 sensu
278 2447 372 2478 istius
391 2456 507 2479 versus
521 2447 592 2483 321,
612 2446 767 2482 livicim,
789 2456 872 2477 neue
889 2447 1060 2488 Bee'lrr'igse‚
1075 2457 1105 2486 p.
1127 2446 1195 2484 103,
1215 2451 1245 2477 et
1268 2448 1448 2488 Foufflessn.)

201 2493 230 2526 1.
256 2494 309 2532 IV,
330 2494 403 2526 651.
427 2495 474 2525 Cf.
495 2494 568 2533 6¹18,
591 2494 662 2532 496,
682 2494 741 2525 507
764 2504 833 2534 sqq.

199 2541 230 2573 2.
255 2541 361 2582 Longe
385 2543 469 2573 enim
489 2543 582 2573 abest
603 2545 635 2573 ut
656 2542 778 2572 Hermo
807 2542 971 2572 adsentiar
998 2541 1038 2572 de
1059 2541 1112 2578 IV,
1135 2541 1196 2572 659
1225 2551 1231 2572 :
1262 2555 1275 2569 r<
1299 2551 1335 2572 os
1357 2543 1520 2583 inqut-essa
1543 2546 1617 2576 toro
1638 2556 1649 2577 :

158 2589 280 2620 scilicet
303 2590 438 2630 percita
457 2590 594 2630 furore,
618 2590 721 2619 salute
742 2589 913 2628 desperata
934 2592 962 2619 et
984 2592 1085 2619 morte
1102 2589 1166 2628 jain
1192 2589 1307 2620 vicina.
1337 2589 1405 2620 Nou
1430 2591 1512 2621 enim
1531 2592 1558 2622 is
1581 2596 1649 2623 erat

154 2635 220 2675 jain
240 2637 356 2667 mentis
376 2637 516 2674 habitus,
541 2640 573 2667 ut
593 2637 774 2667 exosculari
802 2637 874 2666 illas
896 2637 1029 2666 exuvias
1052 2636 1132 2666 velle
1155 2636 1257 2666 videri
1280 2638 1400 2676 possit,
1423 2647 1525 2678 neque
1549 2640 1649 2670 verba

158 2691 240 2723 quae
260 2683 386 2723 effatur,
408 2685 470 2715 tale
491 2684 568 2724 quid
590 2688 765 2724 arguunt...
791 2697 804 2710 υ
838 2683 980 2720 Quidni?
1010 2684 1109 2714 Multo
1140 2684 1261 2714 rectius
1287 2684 1426 2715 lincam
1449 2686 1547 2724 (nette
1570 2687 1649 2717 Bei-

161 2731 272 2772 ἰνᾶςε,
292 2741 324 2771 p.
345 2731 433 2771 211),
455 2732 507 2771 qui
530 2731 631 2768 tales,
653 2731 765 2770 quales
789 2732 964 2771 praesumit
991 2730 1150 2771 HeyniuS,
1174 2740 1290 2761 sensus
1318 2732 1414 2771 paulo
1437 2735 1509 2763 aute
1530 2743 1648 2764 conve-

159 2777 249 2809 nisse
270 2777 387 2810 Didoni
404 2778 530 2819 judicat
551 2779 594 2818 (v.
621 2778 700 2815 642,
722 2778 812 2819 616),
835 2781 900 2809 tuin
927 2787 1002 2809 vero
1022 2778 1156 2818 furoris
1177 2778 1207 2808 in
1228 2778 1331 2809 locum
1358 2789 1467 2819 pacem
1488 2781 1648 2820 quandam

160 2827 192 2856 et
220 2825 424 2856 serenitatem
457 2826 657 2856 successisse
688 2826 851 2865 sapienter
879 2825 1115 2856 animadvertit.
1144 2843 1182 2847 -
1214 2825 1304 2855 Errat
1333 2836 1459 2866 quoque
1490 2827 1648 2860 Foussioffl

163 2871 275 2904 dicens
297 2882 304 2903 :
327 2885 342 2900 α
363 2882 447 2914 prae
467 2873 576 2904 animi
599 2871 717 2903 dolore
738 2873 769 2903 iu
790 2876 893 2903 torum
917 2873 1055 2903 incubat.
1081 2885 1095 2899 υ
1121 2873 1166 2903 Cf.
1190 2882 1220 2912 p.
1240 2872 1292 2914 92,
1313 2883 1343 2903 11.
1368 2873 1396 2906 1.
