1889 3319
294 191 378 233 148
849 209 950 238 PARS
983 209 1225 239 posmmoa.

291 336 486 379 usquam
515 326 675 381 sponte
705 339 787 366 sua
813 326 924 381 agit,
954 340 1103 383 neque
1130 325 1275 369 libere
1301 325 1523 384 loquitur3
1547 328 1660 370 nihil
1685 344 1787 372 eam

292 408 345 435 ex
371 394 594 437 arbitratu
625 409 706 437 suo
734 399 812 438 aut
837 396 1004 449 facere,
1030 400 1107 439 aut
1134 397 1302 449 dicere,
1328 401 1406 440 aut
1426 398 1559 441 etiam
1587 401 1786 455 cogitare

291 469 428 523 poeta
464 466 693 524 permisit,
739 466 820 509 sed
861 472 981 511 stare
1022 467 1167 510 voluit
1200 472 1373 511 mutam
1406 472 1450 511 et
1483 470 1785 526 immobilem,

294 554 314 575 «
346 536 629 595 decorosque
655 538 809 581 oculos
839 537 1063 595 dejectam
1091 541 1117 582 ².
1153 559 1172 579 »

351 608 450 661 Quo
482 608 670 666 quidem
698 609 756 651 ab
790 610 1021 653 homerica
1050 611 1275 654 Nausicaa
1301 611 1551 670 plurimum
1595 613 1787 657 Lavinia

292 678 458 722 differt.
493 680 767 739 Quanquam
802 683 923 725 enim
957 697 1122 738 graeca
1163 699 1253 726 nou
1287 684 1431 726 multo
1471 685 1618 740 magis
1646 701 1785 744 quam

290 750 431 793 latina
460 766 623 795 revera
646 752 796 796 libera
823 758 890 797 est
929 755 1083 813 puella
1122 756 1248 797 suive
1289 759 1562 813 potestatem
1598 756 1785 812 habet²,

292 837 452 865 verum
481 823 683 866 dominio
710 829 808 866 tum
835 826 992 867 matris
1022 826 1177 884 (quam
1205 830 1443 884 tantopere
1478 831 1716 871 reveretur
1731 829 1779 887 ³),

294 908 398 935 cum
425 895 566 951 patris
598 895 691 952 (qui
720 896 838 938 ultro
868 911 968 938 eam
1001 896 1163 953 Ulyssi,
1204 897 1390 939 minime
1429 898 1660 955 postulato
1702 899 1790 942 vir-

292 965 409 1021 ginis
439 965 653 1018 adsensu,
680 967 844 1024 offert),
870 972 1022 1010 tamen
1052 968 1278 1011 Homerus
1301 968 1431 1011 nobis
1460 974 1658 1012 secretas
1689 970 1789 1027 ejus

291 1037 590 1092 cogitationes
619 1039 850 1096 explicuit,
874 1040 1199 1098 interioraque,
1226 1044 1274 1082 ut
1301 1041 1363 1082 ita
1391 1040 1788 1099 dicam,puellaris

289 1109 427 1150 animi
455 1110 647 1166 aperuit
684 1111 797 1152 Suas
826 1125 926 1152 esse
956 1111 1118 1167 virgini
1150 1111 1438 1191 cupiditateS,
1478 1127 1559 1154 sua
1599 1113 1789 1156 consilia

288 1178 513 1231 videmus,
545 1194 677 1222 suum
707 1181 842 1223 etiam
872 1182 914 1223 in
943 1182 1137 1224 famulas
1164 1182 1680 1242 i111pe1‘ium⁴.Proprio
1708 1184 1788 1226 ali-

289 1251 561 1308 quantulum
605 1256 732 1294 motu
759 1253 875 1308 fio-‚it
907 1253 1223 1312 libeitatisque
1264 1255 1415 1312 specie
1450 1255 1650 1312 quadam
1677 1255 1786 1298 frui·

287 1326 375 1364 tur.
409 1322 523 1364 Prae
558 1338 604 1365 se
632 1323 719 1365 fert
747 1288 887 1379 igitui·
925 1325 1102 1367 Alcinoi
1145 1325 1238 1368 filia
1275 1325 1411 1368 soluti
1444 1326 1643 1385 laetique
1672 1342 1782 1370 non-

287 1393 400 1436 nihil
428 1394 551 1451 quod
579 1395 767 1438 forsitan
796 1396 866 1438 vel
908 1397 952 1438 in
994 1397 1157 1454 priscis
1194 1397 1282 1439 illis
1317 1398 1626 1455 temporibus,
1672 1414 1783 1456 quo-

288 1480 387 1508 rum
416 1465 645 1509 homerica
674 1472 883 1525 poemata
930 1473 1221 1511 monumenta
1261 1469 1392 1511 nobis
1428 1474 1618 1524 exstant,
1658 1470 1781 1528 apud

288 1536 502 1579 Hellenas
545 1539 721 1581 facilius
763 1553 900 1596 quam
940 1539 1062 1597 apud
1091 1539 1276 1582 Latinos
1304 1555 1407 1583 cum
1441 1541 1589 1598 patria
1622 1545 1777 1599 potes-

287 1613 377 1651 tate
407 1610 623 1665 conjungi
651 1611 854 1668 potuisse
883 1611 1102 1654 credibile
1133 1613 1246 1655 est⁵.

349 1680 542 1739 Insuper
584 1682 653 1723 his
693 1682 1029 1724 recordandum
1082 1697 1263 1741 quoque
1309 1683 1440 1725 nobis
1482 1688 1569 1735 est,
1619 1684 1784 1728 Nausi-

289 1767 417 1795 caam
447 1768 535 1795 non
561 1753 722 1795 iisdem
751 1754 792 1795 iu
823 1753 1170 1796 difficultatibus
1196 1759 1238 1796 et
1266 1755 1385 1797 curis
1415 1756 1587 1798 versari
1615 1756 1782 1814 quibus

288 1823 493 1867 Lavinia.
525 1824 740 1867 Feliciter
761 1825 881 1867 euim
908 1825 986 1867 illa
1009 1826 1117 1867 vivit
1144 1826 1261 1868 inter
1282 1831 1493 1884 parentes
1509 1827 1780 1885 fratresque,

289 1896 565 1954 placiturum
594 1901 862 1954 exspectaus
891 1897 1150 1952 conjugem.
1172 1897 1388 1939 Laviniae
1406 1899 1779 1956 veroimpendet,

288 1971 354 2021 et,
399 1972 449 2010 ut
485 1968 549 2009 ita
584 1967 757 2019 dicam,
800 1968 1024 2011 incumbit
1063 1969 1213 2011 minax
1252 1969 1365 2011 illud
1406 1969 1640 2012 oraculum
1691 1986 1782 2029 quo

286 2039 461 2082 nubere
490 2039 616 2082 illam
645 2040 720 2082 alii
749 2054 886 2098 quam
915 2039 1118 2083 advenae
1147 2041 1337 2083 vetitum
1368 2042 1478 2093 est⁶,
1509 2041 1570 2083 ita
1610 2045 1659 2084 ut
1697 2043 1783 2085 mi-

290 2126 372 2154 nus
413 2112 550 2154 etiam
584 2111 729 2154 libera
774 2112 831 2154 sit
870 2126 1007 2169 quam
1048 2116 1309 2170 temporum
1346 2112 1529 2155 illorum
1570 2113 1780 2171 puellae;

287 2183 458 2241 quippe
487 2198 605 2241 quae
634 2199 689 2226 ne
712 2187 926 2242 parentes
954 2183 1141 2240 quidem
1171 2198 1310 2241 penes
1339 2184 1416 2235 sit,
1455 2184 1535 2226 sed
1568 2184 1627 2226 ab
1665 2185 1781 2227 invi-

285 2253 414 2297 dioso
438 2255 623 2297 numine
652 2255 783 2313 quasi
811 2254 1112 2308 vindicetur⁷,
1157 2254 1396 2308 devotum,
1434 2259 1483 2297 ut
1523 2256 1586 2298 ita
1613 2255 1778 2310 dicam,

327 2384 356 2415 1.
380 2386 484 2421 Aen„
502 2384 558 2421 XI,
582 2385 650 2416 480.

324 2431 353 2461 2,
379 2432 497 2471 Oclysss.
523 2431 589 2468 Vll,
611 2432 669 2463 311
697 2442 766 2472 sqq.
788 2451 828 2455 -
856 2431 904 2463 Cf.
927 2431 978 2470 Vl,
1001 2431 1140 2465 283-284
1171 2435 1202 2462 et
1228 2431 1317 2471 wll,
1359 2431 1415 2463 457
1448 2442 1518 2473 sqq.
1543 2450 1582 2455 -
1616 2431 1662 2463 Cf.
1696 2433 1778 2464 Aen.

284 2477 351 2515 Vll.
375 2479 463 2510 267:
497 2483 611 2519 sponte
642 2490 709 2516 sua,
745 2490 801 2511 nec
834 2480 1005 2520 quicquam
1039 2483 1198 2517 moratus,
1227 2479 1346 2511 Ilioneo
1377 2480 1510 2511 Latinus
1540 2480 1636 2511 filiam
1672 2480 1802 2520 offert,'

283 2527 410 2557 Aeneae
433 2527 624 2558 habendam.

323 2574 353 2606 3.
379 2574 499 2614 Odyss.
519 2574 571 2612 Vl,
591 2574 747 2612 5303-3192
764 2574 831 2609 Vll,
851 2574 902 2613 553,
926 2574 965 2605 67
987 2584 1057 2615 sqq.

323 2622 354 2652 4.
378 2621 498 2661 Oclyxs.
521 2621 572 2659 Yl,
595 2622 731 2656 25-1092
754 2622 905 2655 [Sa-140:
931 2621 1085 2659 186-913;
1110 2621 1261 2654 237-315.

324 2669 354 2700 5.
380 2669 425 2700 Cf.
452 2670 481 2700 in
503 2670 673 2710 Sophoclis
706 2670 897 2701 Trachiniis
919 2680 962 2700 yv.
993 2669 1049 2700 144
1081 2671 1165 2709 sqq.)
1194 2669 1427 2709 lepidissimam
1457 2670 1593 2711 virginis
1623 2670 1655 2701 in
1684 2670 1779 2702 domo

282 2719 460 2758 parentium
482 2717 610 2749 abditae
631 2722 662 2749 et
679 2719 863 2749 felicissime
886 2718 928 2748 ibi
950 2717 1098 2757 degentis
1119 2716 1380 2757 descriptionem.

322 2764 352 2796 6.
375 2765 460 2795 Aen.
485 2764 550 2798 Vll.
573 2765 633 2803 54;
654 2765 710 2803 XI,
733 2766 772 2796 27
793 2775 863 2806 sqq.

324 2812 352 2842 T.
374 2812 425 2842 Sic
445 2815 474 2842 et
496 2813 524 2842 iu
551 2813 745 2843 Trachiniis
765 2813 915 2851 Deianira
937 2812 981 2850 (v,
1005 2812 1024 2842 3
1045 2821 1129 2851 sqq„
1153 2811 1246 2850 cujus
1268 2813 1462 2850 meminisse,
1488 2812 1544 2843 sed
1567 2813 1598 2842 in
1620 2822 1777 2843 summum

282 2860 500 2890 tautummodo
522 2861 624 2901 potuit
647 2860 961 2900 Vergilius;11ar11i11
978 2859 1086 2889 vserbi
1102 2858 1177 2888 nihil
1195 2859 1278 2888 iuter
1294 2859 1381 2889 illum
1397 2863 1427 2891 et
1443 2859 1635 2901 Sophoclem
1652 2860 1775 2890 simile:

620 2929 758 2971 Εωο
778 2944 833 2963 τον
855 2929 1050 2969 ἐμψὶνκβ
1042 2930 1158 2965 ν>..

706 2979 873 3021 &loma
861 2981 1002 3020 {ww-sgr.
1024 2989 1058 3008 z:
1074 2989 1133 3009 και
1159 2971 1281 3017 βαρυν,
