1889 3319
697 227 826 256 CAPUT
859 226 1059 256 TERTIUM.
1568 208 1624 250 59

140 342 306 400 speret)
335 367 393 373 -—-
417 345 521 400 post
546 345 639 384 tam
667 341 805 384 breve
834 342 1174 384 matrimonium
1203 343 1247 382 et
1272 340 1343 381 vix
1370 338 1623 397 praelibata

137 413 337 456 inchoati
364 413 530 456 amoris
558 413 747 468 gaudia,
778 412 890 455 nihil
918 413 1005 455 sibi
1039 413 1234 470 amplius
1269 425 1508 469 superesse
1542 425 1623 468 op-

137 484 363 527 tandum?

200 574 220 595 «
257 555 448 614 Culpam
477 574 498 595 »
529 555 725 614 denique
753 555 987 614 appellare
1021 570 1111 597 non
1145 554 1322 597 dubitat
1356 567 1487 595 suum
1517 566 1625 608 erga

125 628 342 676 ¹Aeneam
371 627 587 680 studium,
619 642 722 670 cum
750 628 791 669 ei
818 626 1018 671 studium
1045 626 1160 669 illud
1189 644 1209 665 ‹<
1241 625 1417 668 caritati
1448 628 1492 666 et
1517 623 1626 665 fidei

137 712 248 754 erga
292 698 538 754 conjugem
577 698 840 740 defunctum
891 698 1125 740 adversari
1169 696 1404 740 videatur¹
1450 710 1501 748 »3
1545 693 1626 738 sed

136 769 275 827 paulo
295 773 399 828 post
427 788 448 810 «
477 784 728 826 agnoscere
752 787 772 808 »
803 784 849 815 se
869 769 1072 811 declarat

601 917 746 951 veteris
766 917 933 959 vestigia
952 918 1136 951 flammae
1158 926 1165 948 ε

136 1049 321 1093 vixdum
347 1049 486 1105 igitur
510 1063 696 1101 novum,
728 1063 866 1107 quem
892 1064 1039 1107 nuper
1066 1040 1288 1106 concepit,
1320 1046 1529 1089 affectum
1561 1045 1628 1087 in-

137 1121 326 1173 cusavit,
385 1125 428 1164 et
474 1120 668 1163 subinde
719 1120 835 1163 illud
885 1120 1073 1177 injicere
1124 1120 1170 1161 in
1219 1119 1376 1161 Annae
1428 1121 1626 1160 mentem

137 1195 298 1245 tentat,
328 1192 458 1235 illum
498 1206 718 1244 amorem,
760 1196 852 1234 tam
892 1206 1048 1234 severe
1077 1206 1100 1233 a
1129 1206 1175 1233 se
1204 1191 1303 1248 ipsa
1341 1189 1622 1241 damnatum,

136 1263 251 1306 nihil
270 1263 396 1306 aliud
413 1267 567 1306 tamen
589 1278 687 1306 esse
711 1278 848 1322 quam
868 1277 1042 1305 meram
1064 1262 1281 1321 pristinae
1302 1262 1347 1303 in
1370 1260 1628 1317 Sychaeum

137 1335 337 1378 caritatis
365 1335 752 1378 continuationem
780 1335 851 1377 vel
875 1334 1129 1392 quoddam,
1161 1337 1210 1376 ut
1234 1333 1297 1375 ita
1324 1332 1487 1385 dicam,
1520 1331 1627 1373 resi-

141 1406 300 1451 duum.
339 1433 396 1439 —
445 1406 583 1450 Velut
634 1407 668 1449 si
711 1406 937 1463 significet
984 1405 1240 1464 Sychaeum
1284 1405 1435 1462 ipsum
1478 1402 1626 1446 adhue

138 1479 299 1530 amari,
329 1493 432 1522 cum
460 1478 639 1521 Aeneas
666 1483 898 1521 ametur...

196 1549 319 1606 Ergo
347 1551 484 1592 etiam
508 1549 690 1608 quando
718 1549 832 1592 Dido
862 1549 1004 1591 sorori
1031 1551 1300 1604 argumenta
1334 1546 1551 1589 adversus
1580 1560 1626 1588 se

139 1620 288 1678 ipsam
329 1620 529 1663 valentia
575 1635 796 1676 generose
840 1620 1076 1678 porrigere
1126 1618 1322 1671 videtur,
1367 1618 1430 1659 ita
1477 1620 1628 1659 tamen

143 1691 353 1734 sollerter
378 1692 457 1734 illa
484 1692 612 1748 eligit
639 1696 716 1735 aut
743 1693 962 1743 enuntiat,
999 1695 1062 1742 ut,
1094 1691 1224 1748 quasi
1256 1689 1485 1741 hebetata,
1526 1688 1628 1730 usui

139 1777 237 1805 esse
264 1767 509 1821 nequeant.
531 1763 844 1816 Quamobrem
870 1777 1027 1806 rursus
1059 1763 1206 1815 Anna,
1237 1765 1473 1803 emunctae
1506 1760 1628 1801 naris

139 1837 183 1876 et
219 1834 321 1892 ipsa
356 1835 539 1888 mulier,
569 1849 717 1893 neque
758 1835 812 1877 iis
852 1834 1133 1891 argumentis
1173 1833 1253 1885 uti,
1284 1846 1433 1889 neque
1468 1830 1628 1873 eadem

139 1905 348 1948 refellere
377 1905 608 1962 dignatur.

201 1975 293 2020 Sed
331 1977 420 2019 alia
457 1983 565 2020 tunc
603 1978 682 2020 illa
720 1978 910 2020 meliora
941 1978 1087 2029 affert,
1118 1980 1161 2019 et
1194 1976 1338 2031 magis
1373 1990 1454 2033 per
1482 1989 1527 2016 se
1556 1989 1630 2016 va-

139 2048 293 2102 lentia,
337 2064 546 2107 quaeque
586 2050 780 2091 maxime
827 2049 884 2091 ad
937 2047 1314 2092 commovendam
1358 2050 1415 2099 et,
1470 2050 1519 2088 ut
1570 2047 1631 2088 ita

141 2119 306 2172 dicam,
345 2120 739 2179 praecipitandam
773 2120 997 2163 Didonem
1036 2119 1201 2161 idonea
1243 2119 1344 2160 sint.
1383 2117 1481 2159 Duo
1510 2118 1630 2159 enim

142 2192 228 2235 ista
261 2191 355 2234 sola
388 2191 555 2234 Didoni
588 2207 686 2234 esse
720 2192 973 2250 accipiendi
1006 2192 1172 2233 amoris
1212 2189 1538 2247 impedimenta
1565 2189 1631 2230 in-

142 2263 334 2319 tellegit,
355 2263 527 2306 scilicet
552 2264 826 2322 promissam
856 2263 1047 2320 Sychaei
1081 2262 1235 2314 cineri,
1267 2261 1631 2319 promissamque

142 2333 238 2376 Diis
264 2333 417 2377 fidem.
448 2334 631 2393 Duplici
658 2335 778 2377 enim
804 2339 984 2377 tenetur
1005 2333 1122 2376 Dido
1143 2332 1363 2388 religione
1393 2346 1402 2375 ε
1434 2336 1632 2373 mortuo-

143 2419 244 2447 rum
270 2405 527 2448 reverentia
554 2409 689 2464 atque
718 2410 842 2448 metu
868 2405 1092 2457 Deorum3
1124 2418 1175 2446 ae
1203 2402 1316 2445 duas
1344 2403 1443 2445 illas
1465 2403 1633 2458 cogita-

142 2476 289 2518 tiones
330 2475 428 2532 ejus
482 2477 631 2519 animo
679 2477 860 2535 penitus
898 2476 1058 2518 infixas
1100 2489 1190 2517 non
1229 2473 1369 2516 semel
1404 2472 1631 2529 Vergilius

144 2548 429 2591 monstravit.
464 2547 557 2590 Eae
591 2552 744 2590 autem
773 2548 899 2605 ipsae
937 2552 1040 2589 sunt
1082 2560 1194 2604 quas
1236 2544 1383 2587 refelli
1422 2548 1631 2602 oportere

143 2617 276 2661 Anna
302 2618 427 2661 haud
452 2619 680 2661 immerito
714 2622 889 2672 censet;
922 2633 1010 2676 quo
1048 2632 1153 2659 vero
1188 2615 1323 2658 modo
1355 2616 1545 2669 refellat⁷
1576 2614 1631 2656 de

144 2689 276 2733 Anna
303 2689 577 2733 disserentes
604 2694 765 2748 postea
794 2689 1047 2732 videbimus
1064 2689 1092 2732 ².

191 2877 220 2912 1.
243 2879 360 2912 HEYNE.

189 2925 220 2958 2.
245 2926 326 2958 Pars
343 2936 379 2969 Π,
398 2936 469 2967 cap.
489 2936 539 2959 1v.
