1889 3319
662 217 790 246 CAPUT
825 218 1035 254 QI'ARTUM.
1512 203 1593 245 133

109 332 338 394 quomodo
378 332 644 388 exaggerari
685 336 727 373 et
770 333 982 374 muliebri
1022 333 1288 390 repetitione
1325 332 1594 390 amplificari

109 408 246 464 queat
277 418 286 448 ε

586 463 730 495 Causas
748 460 903 494 innecte
923 461 1111 499 morandi,

295 515 389 548 dum
408 513 543 556 pelago
564 513 740 546 desaevit
752 514 880 546 hiems
900 515 905 555 Ι
925 517 962 546 et
982 522 1154 555 aquosus
1175 514 1293 548 Orion
1313 516 1318 555 Ι

295 570 580 610 quassataeque
602 570 717 607 rates,
738 568 742 607 1
763 566 855 599 dum
876 576 955 599 non
978 567 1178 600 tractabile
1199 567 1386 600 coelum¹.

112 681 402 737 Vergilianae
436 679 554 722 enim
591 680 764 732 Annae,
798 680 914 723 sicut
949 693 1077 722 mens
1116 684 1247 722 acuta
1282 695 1430 737 neque
1469 680 1598 737 inops

113 752 305 805 consilii,
332 752 395 794 ita
418 750 575 807 lingua
601 750 761 794 sollers
790 754 833 792 et
862 750 1072 793 facunda.
1115 750 1333 803 Quotiens
1364 751 1480 792 enim
1511 750 1601 791 dis-

113 823 269 866 cordia
292 821 581 865 exoriebatur
601 822 719 864 inter
734 822 952 875 Aeneam,
979 823 1050 864 cui
1068 821 1258 874 indoles,
1280 848 1336 852 -
1355 826 1403 863 ut
1421 821 1597 878 opinor,

112 920 170 926 -—
195 894 401 952 asperior
428 907 478 935 ac
506 893 641 934 nimis
669 906 849 934 morosa
867 893 967 942 fuit,
987 892 1390 949 —Didone1nque,
1409 892 1602 933 nimium

115 966 214 1022 ejus
241 969 468 1007 amantem
498 978 634 1022 quam
666 967 713 1006 ut
739 964 796 1005 ab
826 979 877 1006 eo
909 981 927 1004 «
960 963 1187 1006 coleretur
1218 982 1254 1016 »,
1280 964 1444 1005 totiens
1472 963 1603 1004 Anna

114 1051 162 1080 se
188 1036 314 1095 pacis
343 1036 638 1094 interpretem
665 1050 716 1078 ac
744 1039 1042 1093 sequestram,
1074 1050 1157 1078 nec
1185 1035 1438 1088 infeliciter,
1468 1035 1604 1076 inter-

114 1106 317 1167 ponebat
346 1121 355 1153 1

404 1182 484 1216 sola
502 1183 572 1216 viri
597 1183 734 1216 molles
752 1182 884 1216 aditus
906 1186 944 1216 et
965 1186 1139 1224 tempora
1160 1185 1285 1219 norat,

120 1297 140 1337 ‹'‹
170 1310 452 1354 arcanosque
485 1315 504 1335 n
550 1296 685 1338 etiam
719 1296 785 1338 illi
815 1314 834 1334 «
866 1310 1024 1338 sensns
1053 1296 1240 1338 credere
1280 1314 1299 1335 >›
1329 1295 1485 1337 solitus
1511 1297 1607 1335 erat

116 1368 312 1422 Aeneas,
355 1382 457 1410 cum
484 1381 649 1425 nempe
678 1367 780 1424 plus
808 1382 943 1424 quam
982 1368 1226 1409 femineam
1262 1368 1410 1409 inesse
1449 1366 1607 1408 Annae

118 1440 388 1497 sapientiam
415 1438 738 1497 perspexisset,
772 1439 1007 1496 plurisque
1045 1439 1229 1494 reginae
1252 1451 1455 1480 sororem
1471 1449 1607 1494 quam

118 1510 325 1566 reginam
351 1510 499 1568 ipsam
526 1511 710 1552 faceret.

179 1580 371 1633 Quando
410 1582 549 1637 igitur
594 1581 671 1623 ille
710 1581 755 1622 in
802 1596 855 1623 eo
899 1585 967 1623 est
1005 1585 1054 1622 ut
1094 1580 1430 1638 proficiscatur,
1473 1581 1507 1622 it
1558 1594 1610 1622 ac

118 1652 236 1696 redit
280 1653 428 1706 Anna,
477 1652 664 1694 Didonis
705 1667 879 1710 preces,
923 1653 1104 1694 Aeneae
1141 1652 1348 1710 repulsas
1382 1651 1531 1693 ferens
1560 1665 1610 1692 ac

121 1724 366 1767 referens2.
404 1724 496 1766 Nec
523 1723 676 1766 taedet
703 1738 803 1765 eam
835 1741 854 1762 «
886 1723 1137 1780 superbum
1169 1741 1188 1762 »
1219 1726 1262 1765 et
1298 1741 1317 1761 «
1351 1721 1612 1763 intractabi-

121 1795 213 1838 lem
238 1795 417 1838 hostem
448 1814 467 1835 »
498 1795 624 1838 adire
664 1798 707 1837 et
735 1794 1146 1853 supplicationibus
1175 1793 1386 1850 aggredi,
1419 1807 1612 1851 quarum

123 1865 240 1908 Dido
267 1867 307 1909 ei
335 1870 442 1909 tunc
468 1867 722 1917 materiam,
754 1871 803 1908 ut
830 1867 892 1908 ita
918 1865 1082 1919 dicam,
1113 1869 1335 1923 praestat3
1377 1865 1477 1922 ipsa
1504 1878 1612 1906 vero

125 1942 498 1993 argumentorum
526 1938 872 1996 dispositionem
899 1941 942 1979 et
974 1937 1272 1979 elocutionem
1301 1935 1443 1978 affert.

184 2009 363 2051 Etenim
392 2023 596 2051 sororem
623 2012 744 2051 amat
771 2009 926 2061 Anna3
957 2022 1219 2066 quanquam
1247 2007 1365 2048 hunc
1393 2020 1611 2057 amorem,

125 2080 232 2122 licet
257 2095 432 2133 verum,
463 2095 553 2122 non
580 2084 731 2122 tamen
760 2080 1165 2137 exquisitissimum
1198 2093 1294 2120 esse
1328 2093 1411 2120 nec
1439 2077 1616 2135 perfec-

126 2151 352 2194 tissimum
381 2151 595 2194 subtilius
623 2151 814 2193 indicari
841 2166 867 2192 a
892 2154 1029 2208 poeta
1057 2150 1167 2192 mihi
1198 2149 1390 2191 videtur.

170 2299 199 2330 1.
224 2298 279 2337 IV,
301 2298 410 2331 52-53.
433 2316 474 2321 —
495 2299 551 2329 Hic
573 2299 687 2329 deesse
706 2299 813 2339 aliqua
842 2301 931 2338 putat
953 2298 1099 2335 litans-35,
1124 2297 1210 2328 velut
1231 2297 1256 2326 si
1276 2296 1358 2327 Dido
1378 2297 1518 2326 Aeneam
1541 2295 1618 2326 lior-

130 2349 263 2383 taretur,
290 2349 323 2376 ut
360 2355 460 2377 naves
485 2347 644 2384 reliceret,
680 2346 784 2376 hieme
811 2356 897 2376 usus.
932 2363 972 2367 —
1005 2344 1073 2382 Quo
1107 2344 1330 2383 supplemento
1361 2353 1441 2383 opus
1463 2352 1534 2373 esse
1555 2352 1618 2373 non

129 2393 268 2424 arbitror
285 2404 292 2424 :
309 2406 323 2421 «
342 2397 577 2433 quassataeque
594 2397 690 2433 rates,
711 2406 725 2420 υ
743 2393 761 2422 i.
780 2403 822 2429 e.‚
840 2409 853 2420 ιι
871 2393 945 2423 dnm
966 2392 1114 2432 quassari
1134 2392 1238 2421 solent
1258 2393 1344 2420 rates
1364 2390 1514 2419 fluctibus
1534 2397 1618 2419 coni-

129 2441 256 2471 missne.
283 2454 296 2468 υ
315 2458 354 2463 —
376 2440 461 2471 Idem
485 2444 615 2480 propter
647 2440 727 2470 lianc
748 2450 876 2470 cinisum
899 2449 1013 2470 versus
1047 2439 1142 2477 liujus
1172 2440 1262 2468 linem
1297 2437 1520 2476 interpolatam
1545 2434 1618 2475 opi—

128 2488 444 2527 natur(1³mn1.1<.mp
466 2491 565 2517 totum
588 2498 715 2518 versum
739 2488 847 2526 delet).
871 2487 962 2524 Quod
985 2487 1010 2516 si
1026 2487 1098 2526 quis
1116 2486 1261 2515 alterutri
1284 2485 1518 2524 pllilologorum
1540 2484 1618 2512 isto—

131 2544 200 2566 rum
221 2535 437 2573 adsentiatur,
461 2538 592 2575 propter
615 2535 698 2575 quod
723 2548 736 2561 «
762 2535 843 2565 clam
867 2544 932 2565 non
967 2532 1153 2563 tractabile
1182 2531 1311 2562 coelum
1336 2545 1363 2568 »‚
1397 2535 1491 2570 atque
1523 2530 1617 2560 etiam

132 2595 146 2610 «
167 2584 356 2624 quassatae
377 2585 472 2613 rates
494 2596 508 2609 »
532 2582 652 2612 nullum
673 2582 768 2612 alium
792 2591 904 2612 revera
926 2581 1111 2611 contineant
1131 2589 1225 2619 quain
1255 2579 1478 2618 praecedentis
1506 2580 1629 2607 versus·

132 2639 272 2667 Sensum,
296 2639 399 2670 neque
420 2639 457 2660 ea
487 2630 561 2659 milii
587 2630 665 2659 satis
688 2629 865 2669 probabilis
890 2629 970 2658 ratio
993 2628 1167 2658 videretur.
1203 2626 1280 2656 Nam
1302 2627 1327 2655 si
1350 2634 1461 2655 onmes
1483 2627 1618 2654 senten-

130 2676 257 2715 tiarum,
273 2676 339 2715 jam
360 2677 458 2707 semel
478 2685 716 2716 expressarum,
744 2676 953 2716 1·e1‚›etitiones
981 2684 1017 2705 ex
1041 2674 1184 2704 Aeneide
1205 2672 1423 2703 detrahendae
1449 2672 1529 2711 sint,
1553 2674 1620 2701 ter-

132 2723 220 2761 tiam,
243 2724 353 2764 cred0‚
390 2724 545 2763 poematis
580 2726 700 2762 partem
721 2723 841 2753 deleas.
865 2724 959 2752 Amat
985 2722 1069 2752 enirn
1099 2724 1130 2751 et
1156 2721 1270 2751 crebro
1299 2722 1431 2759 usurpat
1458 2718 1633 2757 Yergilius

132 2770 240 2800 varias
261 2770 334 2800 illas
354 2773 385 2800 et
406 2770 539 2801 iteratas
561 2771 655 2802 nnius
676 2769 879 2809 cogitationis
902 2769 1031 2805 fortnas,
1055 2768 1147 2798 sicuti
1171 2768 1348 2798 rectissime
1370 2766 1489 2806 passim
1513 2768 1621 2795 osten-

134 2816 182 2846 dit
198 2816 226 2847 J.
254 2816 373 2846 ΗΕΝΗΥ.
397 2817 529 2856 Aliquid
551 2816 756 2854 rhetoricum,
779 2816 1028 2853 ciceronianum,
1052 2815 1101 2845 vel
1134 2815 1242 2851 etiam,
1271 2814 1296 2843 si
1327 2814 1396 2850 vis,
1428 2812 1621 2842 isocrateum

134 2862 270 2904 Vergilii
291 2864 365 2894 stilo
386 2864 505 2901 inesse,
529 2864 645 2894 nemini
666 2863 800 2894 dubium
822 2866 880 2894 est.

177 2910 207 2941 2.
231 2910 278 2941 Cf.
300 2911 339 2941 de
359 2920 454 2941 versu
476 2910 526 2947 lv,
550 2910 620 2946 438,
644 2920 754 2950 snpra,
778 2921 806 2950 p.
826 2911 877 2944 ozi,
902 2921 930 2940 n.
954 2910 983 2941 (5.
