1889 3319
613 493 803 537 CAPUT
852 493 1138 546 QUARTUM

765 641 827 684 DE
860 642 981 684 ANNA

189 949 376 992 Didonis
405 964 607 991 sororem
636 950 811 992 Annam
839 951 1030 993 eandem
1066 952 1110 993 in
1145 950 1344 993 Aeneide
1372 964 1613 1008 personam

130 1036 282 1078 agere,
306 1036 390 1063 nec
416 1021 561 1076 magis
589 1022 908 1073 necessariam,
940 1023 1098 1080 liquet,
1131 1037 1267 1079 quain
1294 1022 1338 1063 in
1366 1021 1614 1076 tragoediis

130 1093 327 1135 nutrices
350 1095 427 1134 aut
450 1092 639 1134 ancillae
669 1093 828 1135 solent.
853 1094 1026 1151 Neque,
1050 1093 1083 1134 si
1107 1092 1292 1150 quidem
1315 1097 1495 1134 externa
1515 1096 1614 1134 tan-

128 1169 224 1206 tum
252 1163 500 1221 adspiciaS,
532 1178 557 1205 a
585 1164 801 1205 scaenicis
832 1164 919 1205 illis
948 1164 1229 1221 quibuslibet
1253 1163 1511 1206 Phaedimis
1540 1166 1616 1206 aut

131 1233 337 1292 Cephisis
380 1237 456 1276 aut
496 1233 742 1276 Doridibus
788 1234 969 1276 differre
1008 1249 1106 1277 eam
1147 1235 1293 1283 dicas,
1337 1250 1452 1292 quae
1494 1234 1616 1292 apud

128 1309 304 1348 veteres
348 1309 643 1363 recentesque
685 1306 915 1348 scaenicos
954 1309 1112 1364 poetas
1153 1305 1209 1347 ad
1248 1305 1295 1347 id
1331 1309 1504 1348 tantum
1546 1306 1615 1348 in—

129 1376 290 1419 ductae
320 1379 422 1419 sunt
450 1380 498 1418 ut
524 1377 670 1419 rarius
695 1377 759 1418 illi
787 1380 1022 1419 uterentur
1050 1377 1291 1434 soliloquio
1323 1391 1330 1420 :
1362 1376 1472 1418 nihil
1495 1377 1614 1419 enim

129 1447 253 1490 aliud
278 1447 410 1490 Anna
437 1463 618 1506 quoque
647 1463 783 1506 quam
810 1463 1019 1506 responsa
1062 1448 1248 1505 profert,
1282 1451 1325 1490 et
1347 1448 1423 1489 illa
1452 1463 1615 1505 appro-

129 1518 283 1561 bantia
321 1518 579 1577 Didonique
615 1519 868 1577 placitura;
919 1523 976 1569 et,
1020 1518 1142 1576 quod
1183 1519 1341 1561 attinet
1381 1518 1437 1560 ad
1477 1519 1610 1572 facta,

128 1590 243 1633 nihil
281 1590 368 1632 nisi
395 1595 524 1648 paret
551 1606 601 1632 ac
630 1591 889 1632 famulatur.
920 1591 1131 1632 Attamen
1170 1590 1289 1632 intus
1324 1590 1615 1647 perspicienti

130 1661 237 1705 satis
284 1661 420 1717 longe
473 1661 635 1704 abesse
674 1664 865 1719 apparet
907 1664 954 1703 ut
993 1675 1151 1703 revera
1197 1661 1406 1703 inanibus
1445 1661 1533 1703 illis
1574 1664 1617 1703 et

129 1732 304 1786 ignavis
332 1732 538 1790 personis
568 1732 727 1774 similis
756 1732 854 1788 ejus
882 1732 1057 1773 indoles
1086 1732 1156 1774 sit.

194 1861 277 1905 Ubi
304 1863 422 1905 enim
451 1863 650 1921 primum
686 1879 711 1905 a
745 1878 898 1905 sorore
934 1862 1204 1920 compellata
1233 1863 1364 1904 Anna
1397 1861 1621 1904 Didonem

128 1934 337 1977 hortatur
363 1937 412 1976 ut
438 1934 640 1976 nascenti
669 1935 812 1976 amori
850 1934 1101 1990 indulgeat,
1133 1934 1195 1976 ita
1223 1934 1483 1991 loquentem
1516 1933 1622 1976 facit

129 2005 357 2061 Vergilius
388 2009 435 2047 ut
462 2006 757 2063 perspicuum
787 2006 918 2047 nobis
941 2006 1017 2047 fiat
1034 2020 1124 2047 non
1148 2006 1291 2047 solum
1313 2019 1413 2046 eain
1429 2004 1620 2046 dilectae

131 2077 288 2130 sorori,
333 2076 463 2133 cujus
493 2077 553 2119 ol)
586 2077 858 2119 maestitiam
896 2080 1082 2125 maeret,
1112 2076 1309 2131 henigne
1339 2090 1509 2117 morem
1546 2090 1623 2131 ge-

130 2163 248 2197 rere,
285 2148 366 2190 sed
399 2151 442 2190 et
472 2149 620 2206 ipsam
657 2148 759 2195 sibi,
792 2147 951 2190 eadem
992 2148 1227 2190 occasione
1266 2146 1386 2198 data,
1422 2147 1621 2189 futuram

130 2219 268 2262 fuisse
294 2219 759 2275 indulgentissimam.

191 2292 302 2334 Cum
330 2291 448 2333 enim
479 2291 667 2332 mortuis
702 2290 928 2348 promissa
959 2289 1073 2331 fides
1112 2289 1332 2331 Didonem
1368 2293 1620 2332 amaturam

131 2365 346 2414 moretur⁷
387 2362 515 2403 Anna
554 2365 710 2403 contra
743 2362 926 2403 minime
961 2376 1231 2418 persuasum
1264 2360 1402 2402 habet
1441 2360 1622 2403 subter-

131 2448 316 2476 raneam
357 2432 579 2475 defunctis
619 2433 733 2474 ultra
777 2432 1039 2489 sepulcrum
1067 2432 1205 2473 vitam
1238 2446 1382 2489 usque
1412 2430 1616 2489 produci.

131 2504 294 2548 Utrum
325 2522 344 2542 «
376 2518 530 2546 manes
562 2522 580 2542 »
613 2518 667 2545 an
698 2521 716 2541 1<
748 2503 946 2545 cinerem
980 2522 999 2541 >›
1028 2502 1244 2560 appellet,
1276 2503 1440 2555 nescit;
1471 2503 1621 2560 prius-

133 2590 221 2634 que
248 2575 439 2617 verbum
469 2593 488 2613 «
522 2575 632 2617 cinis
665 2592 684 2613 »
715 2574 911 2616 occurrit
931 2573 957 2616 ².

195 2646 328 2699 Quod
358 2646 394 2688 si
422 2646 535 2688 forte
565 2660 801 2703 superesse
830 2659 989 2686 verum
1023 2644 1079 2686 sit
1112 2647 1395 2686 mortuorum
1427 2645 1617 2698 animas,

133 2717 356 2776 numquid
396 2732 470 2760 eas
504 2716 796 2759 terrestribus
837 2716 974 2759 rebus
1007 2730 1188 2774 semper
1215 2716 1338 2772 tangi
1365 2715 1619 2773 putandum

135 2791 202 2830 est
227 2789 247 2829 ‘3

361 2858 400 2892 Id
422 2858 593 2891 cinerem
614 2861 682 2891 aut
703 2859 835 2891 Manes
855 2857 980 2890 credis
1001 2866 1133 2892 curare
1154 2857 1326 2899 sepultos
1340 2860 1357 2891 ‘?

177 2970 207 3002 1.
231 2969 327 3009 Aen„
350 2970 403 3010 IV,
423 2971 464 3003 34
485 2980 492 3002 :
514 2971 549 3002 Id
569 2971 708 3003 cinerem
727 2973 792 3003 aut
811 2971 962 3004 Manes..
