1889 3319
687 189 815 219 CAPUT
848 191 1047 227 QUINTUM.
1526 177 1608 219 143

123 304 238 362 pari,
275 302 356 348 sed
386 317 543 346 earum
582 304 849 347 ancillarum
879 306 983 357 ritu,
1013 306 1232 357 viventes,
1263 319 1375 363 quas
1410 321 1432 348 e
1474 305 1610 349 turba

120 374 198 417 ille
233 373 463 417 interdum
507 374 700 430 seligere
742 375 931 418 solebat.
972 375 1088 419 Viva
1120 377 1259 432 igitur
1297 375 1466 419 Creusa
1501 391 1608 419 con-

122 446 248 488 sortii
268 446 456 489 forsitan
479 460 568 488 non
588 446 831 504 impatiens
853 447 951 500 fuit,
975 474 1032 478 —
1049 447 1338 506 (Euripideae
1356 447 1610 490 Androma-

122 517 259 560 chae¹
285 517 330 560 in
357 517 460 570 hoc,
492 516 572 559 sed
598 517 642 559 in
670 518 756 560 hoc
783 518 1098 561 tantummodo
1126 519 1300 576 similis)
1322 534 1330 571 ;
1360 545 1416 550 —
1444 519 1608 562 absens

121 603 246 642 vero,
277 589 364 630 sibi
395 603 485 630 non
519 591 696 631 tantum
732 593 917 645 arrogat
955 594 1004 632 ut
1031 605 1056 632 a
1083 590 1179 633 viro
1214 605 1395 649 semper
1421 590 1608 648 solaque

123 659 268 702 amari
295 659 471 718 cupiat;
502 659 582 701 sed
603 660 793 702 alteram
821 661 1064 717 conjugem
1085 661 1129 703 in
1154 661 1301 704 vicem
1330 662 1399 704 sui
1431 675 1609 704 sueces-

123 744 277 774 suram
297 745 444 789 aequo
477 731 627 774 animo
655 731 865 789 providet
891 746 942 774 ac
969 732 1154 791 patitur.

162 891 191 922 1.
217 890 444 922 Andromacha
463 900 592 931 quoque
612 893 722 922 narrat
743 891 827 931 apud
861 891 1033 922 EURIPmEM
1059 892 1103 932 (v.
1125 891 1186 922 216
1206 891 1291 932 sqq.)
1323 901 1356 922 se
1390 892 1547 922 amavisse
1577 894 1607 922 et

119 938 296 974 osculatam
325 939 426 970 fuisse
460 939 580 970 liberos
609 948 691 979 quos
719 938 801 970 aliae
832 948 871 970 ex
901 939 1038 970 Hectore
1059 939 1249 979 genuissent
1270 939 1417 970 feminae.
1450 938 1498 970 Cf.
1520 939 1606 979 apud

119 985 303 1017 Sopaocms
332 986 504 1026 Dejanirae
537 988 568 1017 et
596 986 714 1017 Lichae
744 986 844 1017 verba
879 985 1064 1027 (Trachin,
1100 986 1248 1024 141-177,
1271 986 1422 1023 438-449,
1455 986 1605 1025 459-467,

117 1032 284 1074 479-492).
307 1033 371 1065 Sed
393 1033 478 1073 apud
501 1033 692 1073 Sophoclem
714 1033 865 1074 Dejanira
887 1043 920 1064 se
941 1034 1120 1074 derelinqui
1142 1044 1204 1064 non
1217 1034 1271 1064 diu
1287 1033 1604 1073 patitur(Trachin.,

117 1089 150 1112 v.
170 1080 323 1119 531-587‚
341 1080 493 1118 627-628‚
522 1081 648 1112 Nullam
669 1081 754 1120 apud
774 1081 928 1122 tragicos,
947 1081 1000 1121 qui
1031 1081 1161 1121 quidem
1181 1090 1198 1112 e
1222 1080 1354 1112 Graecis
1375 1081 1469 1111 nobis
1490 1089 1606 1121 super-

121 1127 262 1167 suerunt,
277 1131 390 1170 poetas
409 1128 561 1160 Creusam
579 1129 719 1161 invenio.
