1889 3319
627 238 755 268 CAPUT
789 239 986 269 TERTIUM.
1493 230 1544 271 41

65 354 162 396 sivo
187 367 290 396 cum
313 371 334 393 «
359 352 549 395 infelicis
579 373 598 393 >›
629 355 832 411 reginae,
876 374 896 394 «
940 357 1131 398 miserae
1169 375 1189 396 ›>
1231 356 1418 400 Didonis
1459 373 1550 401 sor-

63 427 156 467 tem
182 425 302 467 ultro
328 425 425 483 ipse
453 424 731 468 lamentatur
748 432 774 468 ¹.

122 496 284 553 Adjice
311 495 430 554 quod
462 498 504 537 et
525 495 634 538 alibi
654 496 852 540 libenter
868 498 1159 541 immoratum
1180 499 1434 556 Vergilium
1456 501 1549 543 ani-

63 573 427 626 madvertamus,
465 587 630 631 nempe
667 575 1073 633 quotienscumque
1108 577 1148 619 ei
1175 577 1420 635 praebetur
1451 578 1549 620 dul-

63 645 208 687 ciores
245 644 384 687 animi
419 644 764 702 tenerioresque
810 646 996 688 affectus
1036 647 1320 691 describendi
1353 650 1543 692 occasio.

67 715 229 774 Utpote
276 715 354 773 qui
399 718 582 757 coactus
629 716 685 757 sit
723 716 778 758 ad
812 717 1042 759 narranda
1078 719 1347 777 plerumque
1388 720 1551 762 bellica

61 787 299 845 viriliaque
326 800 466 844 opera
491 800 656 843 resque
677 790 897 840 austeras,
922 788 1249 831 intermittendi
1275 791 1449 832 itineris
1472 806 1550 833 eae

63 862 168 901 sunt
189 858 256 900 illi
281 860 469 916 pacatae
498 857 628 914 quasi
650 859 889 901 sessiones.
914 859 1007 901 Hoc
1036 875 1132 902 esse
1162 876 1323 903 causae
1346 862 1550 904 existimo

63 934 127 984 ut,
157 929 402 988 incipiente
436 929 706 986 praesertim
739 934 971 987 poemate,
1009 946 1112 973 cum
1145 947 1229 974 nec
1261 937 1441 990 tempus
1469 948 1552 975 nec

105 1105 134 1137 1.
155 1106 254 1145 Aen„
276 1107 301 1145 l,
439 1107 491 1135 712
509 1115 517 1134 :
538 1106 699 1141 Praecipue
716 1108 842 1141 infelioe,
861 1108 934 1143 pesti
950 1108 1052 1136 devota
1072 1109 1186 1136 suturae

434 1149 559 1176 718-719
566 1167 646 1174 .....
670 1148 761 1175 inscia
782 1150 854 1176 Dido

531 1190 646 1217 lnsidat
662 1194 791 1225 quantus
808 1192 943 1218 miserae
957 1191 1048 1219 deus!

434 1233 486 1260 749
507 1241 513 1259 :
533 1232 654 1264 Infelix
673 1231 746 1258 Dido
754 1251 833 1259 .....

380 1276 429 1310 IV,
450 1276 484 1302 65
506 1283 512 1301 :
534 1274 618 1301 Heu!
642 1278 742 1300 vatum
765 1274 886 1309 ignarae
904 1278 1033 1301 mentes!
1051 1275 1121 1310 quid
1138 1280 1204 1302 vola
1225 1276 1379 1311 furentem,

539 1315 616 1348 Quid
636 1315 897 1350 delubrajuvant?

413 1359 494 1386 94-95
516 1366 522 1385 ι
547 1375 626 1385 .....
648 1365 786 1392 magnum
803 1361 830 1384 et
843 1358 1030 1385 memorabile
1048 1367 1152 1385 nomen

538 1399 602 1426 Una
619 1398 685 1425 dolo
705 1398 807 1425 divum
822 1399 847 1425 si
862 1399 969 1426 femina
988 1400 1062 1427 victa
1077 1402 1201 1427 duorum
1217 1403 1281 1428 est?

433 1442 483 1469 291
508 1450 514 1468 ε
608 1459 616 1468 .
635 1448 699 1467 sese
717 1440 838 1474 interea,
852 1442 967 1476 quando
986 1443 1106 1476 optima
1126 1442 1198 1469 Dido

536 1482 656 1509 Nesciat
670 1486 698 1508 et
718 1486 814 1508 tantos
833 1483 929 1517 rumpi
950 1491 1006 1510 non
1025 1487 1121 1518 speret
1136 1491 1299 1511 amores...

435 1525 488 1553 298
509 1534 516 1552 ;
543 1544 624 1552 .....
641 1523 749 1551 Eadem
771 1525 870 1558 impia
884 1525 970 1551 Fama
986 1526 1110 1558 furenti

538 1566 648 1593 Detulit
665 1566 774 1592 armari
792 1567 930 1593 classem.
942 1586 966 1593 ..

429 1609 480 1636 333
502 1617 509 1635 :
530 1608 661 1635 Tandem
675 1616 779 1642 pauca
801 1608 888 1635 refert
902 1607 1040 1643 (Aeneas)

433 1650 484 1677 408
506 1658 512 1676 ε
534 1649 607 1682 Quis
628 1650 681 1676 tibi
695 1654 766 1684 tum,
784 1649 867 1684 Dido,
886 1651 1016 1677 cernenti
1035 1650 1102 1678 talia
1123 1654 1249 1678 sensus?

534 1691 656 1724 Quosve
673 1691 763 1718 dabas
783 1692 921 1726 gemitus,
940 1696 992 1718 etc.

433 1734 485 1761 412
507 1742 513 1760 :
534 1733 666 1768 Improbe
683 1735 785 1767 Amor,
806 1733 875 1768 quid
891 1742 946 1760 non
968 1734 1100 1761 mortalia
1117 1737 1232 1769 pectora
1252 1734 1354 1769 cogis?

432 1776 484 1802 696
504 1785 510 1802 :
532 1775 608 1802 Nam
625 1775 693 1810 quia
711 1784 763 1801 nec
783 1775 851 1809 satO,
871 1775 973 1802 merita
991 1784 1041 1802 nec
1056 1781 1147 1803 morte
1169 1777 1291 1811 peribat,

536 1817 593 1844 Sed
612 1818 730 1844 misera
744 1820 811 1844 ante
826 1817 914 1852 diem,
931 1818 1086 1853 subitoque
1107 1826 1226 1845 accensa
1245 1818 1374 1845 surore..
1387 1838 1393 1845 .

100 1905 231 1938 Necnon
250 1907 282 1938 in
296 1906 394 1947 Aen„
416 1906 469 1945 IV,
489 1906 528 1938 38
547 1917 632 1948 sqq.,
650 1906 711 1938 325
732 1917 802 1948 sqq.
824 1911 1017 1939 revocantur
1032 1917 1087 1939 eae
1102 1908 1219 1946 civilis,
1242 1911 1275 1939 ut
1292 1908 1335 1939 ita
1356 1908 1471 1949 dicam,
1489 1909 1548 1940 uti-

59 1954 160 1985 litatis
177 1964 294 1986 causae
309 1964 390 1996 quas
411 1957 567 1995 concepto
589 1964 662 1995 erga
694 1955 835 1986 Aeneam
862 1956 961 1986 amori
988 1955 1176 1996 indulgendi
1198 1955 1280 1986 Dido
1302 1955 1423 1988 habuit.
1453 1956 1500 1989 Cf.
1524 1957 1547 1995 l,

58 2001 132 2040 339,
153 2001 226 2033 563.

101 2049 149 2081 Cf.
171 2050 202 2080 in
217 2049 318 2089 Aen„
335 2049 388 2090 IV,
409 2049 470 2081 493
491 2059 560 2091 sqq.
584 2063 598 2078 α
699 2050 841 2090 magicas
862 2050 1008 2082 inuitam
1028 2051 1189 2091 accingier
1210 2053 1306 2082 artes.
1336 2064 1350 2077 u
1378 2051 1512 2082 Ssavirs
1538 2062 1544 2082 :

61 2109 76 2125 «
98 2097 174 2138 quia
194 2107 265 2128 cum
284 2097 384 2128 multa
405 2107 498 2129 sacra
518 2098 652 2128 Romani
673 2098 887 2138 susciperent,
909 2107 1036 2138 semper
1056 2099 1180 2138 magica
1200 2098 1448 2130 damnarunt...
1476 2099 1547 2129 ideo

60 2147 208 2177 excusat.
232 2157 246 2173 υ

101 2191 157 2222 Isti
173 2202 302 2234 quoque
321 2193 425 2234 quinti
444 2193 518 2224 libri
541 2193 682 2224 ineuntis
708 2203 823 2226 versus
852 2193 1077 2225 demonstrant
1106 2194 1216 2224 intimo
1244 2193 1341 2225 corde
1371 2193 1547 2234 Vergilium

61 2238 179 2270 favisse
200 2239 319 2271 Didoni
341 2252 347 2271 :

558 2307 638 2316 .....
656 2288 724 2316 duri
742 2296 848 2324 magno
863 2288 914 2314 sed
929 2296 1043 2315 amores
1058 2287 1171 2315 dolores

552 2331 680 2365 polluto,
700 2334 860 2365 notumque
875 2330 977 2357 furens
994 2330 1064 2364 quid
1082 2330 1188 2357 femina
1207 2330 1300 2365 possit

553 2372 637 2399 triste
658 2380 708 2408 per
723 2372 879 2407 augurium
895 2372 1074 2399 Teucrorum
1097 2377 1210 2406 pectora
1231 2373 1351 2399 ducunt.
1370 2371 1417 2408 (V,
1435 2372 1501 2405 5·7).

42 2494 45 2496 ,
103 2458 138 2492 Si
157 2460 286 2502 quidem
308 2474 322 2489 κ
350 2460 486 2502 polluto
515 2474 530 2489 »
557 2472 635 2493 vera
660 2462 756 2493 lectio
784 2465 833 2493 est
860 2462 931 2502 (nec
960 2461 1128 2493 dubitandi
1154 2462 1244 2492 locus
1276 2463 1355 2502 est),
1386 2462 1457 2502 quis
1484 2471 1546 2492 non

58 2509 148 2540 videt
169 2508 345 2549 Vergilium
365 2509 411 2540 ibi
436 2519 496 2550 per
521 2510 679 2550 quandam
708 2509 955 2549 imprudentiam
976 2510 1102 2539 Aeneae
1132 2518 1168 2540 ac
1197 2509 1328 2540 Teucris
1357 2510 1545 2540 sententiam

59 2565 149 2587 suam
169 2556 272 2596 ipsius
294 2556 482 2595 attribuere,
498 2557 616 2597 quibus
631 2557 758 2597 quidem
780 2557 835 2587 illa
850 2557 977 2588 minime
995 2557 1169 2587 convenit?
1183 2556 1339 2587 Didonem
1357 2566 1432 2587 sane
1453 2566 1545 2586 suum

58 2603 100 2634 ab
113 2603 224 2634 Aenea
242 2613 380 2635 amorem
397 2603 571 2645 pollutum
592 2604 699 2635 dicere
720 2613 854 2644 aequum
876 2607 923 2635 est
943 2604 997 2643 (cf.
1019 2605 1115 2642 Aen„
1135 2604 1188 2642 IV,
1206 2603 1357 2641 376-380,
1378 2603 1449 2640 306,
1471 2603 1543 2642 307,

57 2649 130 2688 316,
151 2653 247 2691 atque
267 2651 299 2681 in
316 2651 348 2681 h.
365 2651 386 2683 l.
405 2651 738 2689 LADEWIG-SCHAPEffi
752 2652 791 2681 cf.
804 2652 899 2682 etiam
914 2652 1092 2682 ComeTox
1106 2652 1137 2681 in
1151 2652 1228 2683 AEN.
1243 2651 1293 2689 ΙΙΙ,
1310 2650 1383 2691 61);
1406 2652 1545 2681 Aeneam

56 2698 162 2738 ipsum
182 2698 275 2729 fateri
295 2708 359 2729 non
380 2699 483 2736 decet,
506 2709 541 2729 se
563 2699 694 2738 impium
716 2708 752 2729 ac
768 2699 925 2738 perfidum
949 2699 1059 2736 fuisse,
1077 2701 1286 2738 sanctumque
1308 2699 1374 2729 veri
1403 2698 1545 2738 conjugii

57 2744 172 2776 foedus
193 2745 378 2777 violavisse.
398 2746 469 2783 Quo
491 2749 595 2777 tamen
619 2746 650 2776 in
671 2746 769 2777 verbo
791 2747 878 2776 solus
900 2746 1019 2783 haesit,
1042 2746 1102 2776 nisi
1125 2746 1230 2784 fallor,
1255 2746 1454 2776 Pasarimiir.
1479 2745 1544 2776 Sed

58 2792 246 2830 difficultas,
269 2802 351 2833 quae
369 2793 460 2824 illum
480 2803 545 2824 non
564 2794 661 2833 fugit,
694 2793 905 2830 enodabitur,
928 2796 961 2824 ut
989 2794 1114 2833 opinor,
1137 2794 1295 2833 siquidem
1320 2794 1381 2823 ista
1411 2792 1543 2832 Vergilii

58 2839 234 2870 voluntatis
253 2841 286 2870 in
304 2840 461 2872 Didonem
492 2850 593 2880 prona
617 2841 719 2881 magis
739 2850 833 2881 quarn
860 2841 891 2870 in
912 2841 1052 2871 Aeneam
1072 2841 1236 2871 inclinatio
1265 2844 1414 2880 reputata
1435 2840 1542 2872 suerit.

58 2885 104 2916 De
124 2895 187 2926 qua
206 2887 291 2918 infra
319 2888 467 2927 amplius.
491 2906 528 2910 —
550 2888 609 2918 Vv.
640 2887 677 2925 V,
707 2888 768 2923 1-7,
799 2887 897 2918 deleri
925 2898 943 2918 a
964 2888 999 2918 G.
1024 2888 1207 2918 Hfflnrimxx
1238 2891 1343 2918 monet
1361 2887 1542 2928 GCTflrixo3

59 2941 124 2963 non
144 2936 250 2964 tamen
269 2935 338 2974 ipse
359 2935 446 2965 delet
461 2944 563 2974 neque
585 2935 677 2964 uncis
697 2935 843 2965 includit.

1350 2994 1366 3020 4
