1889 3319
239 171 322 213 116
792 184 892 213 PARS
925 184 1165 214 POSTERIOR.

234 313 382 357 neque
421 300 655 357 inepte...
704 298 816 342 Cum
845 301 964 342 enim
992 299 1192 342 afflatam
1225 314 1271 342 se
1300 315 1326 342 a
1350 299 1594 343 formidato
1626 300 1721 344 Deo

234 370 493 424 mentiatur,
522 371 585 413 ita
611 374 655 413 et
687 371 849 415 melius
890 371 977 414 sibi
1011 371 1299 414 conciliatum
1332 372 1385 414 iri
1415 371 1620 429 plebem,
1652 373 1722 415 cui

232 441 433 483 violenta
481 442 694 499 placeant
745 442 893 498 orgia,
950 445 1117 500 sperat,
1174 457 1312 501 seque
1365 443 1536 500 ipsam,
1592 444 1722 500 quasi

234 526 427 566 sacram,
457 513 584 556 nullo
611 513 901 572 prohibente,
930 514 1078 557 ablata
1109 529 1199 572 quo
1227 514 1335 556 velit
1362 514 1470 568 filia,
1497 513 1724 556 abituram

234 598 332 627 esse
361 584 562 628 confidit.

292 654 366 697 Fit
388 655 573 698 tandem
600 659 649 698 ut
676 671 836 699 revera
869 656 1076 714 desipere
1111 657 1298 715 incipiat
1332 656 1520 709 Amata3
1552 657 1722 715 quippe

233 741 350 784 quae
385 726 570 770 efferata
604 728 660 770 sit
699 728 948 771 ululatibus
981 729 1229 771 concitatae
1267 727 1570 770 multitudinis
1610 728 1723 770 suis-

233 813 337 856 que,
366 801 500 856 atque
530 798 671 842 effuso
698 799 776 841 illo
804 815 886 857 per
913 800 1049 842 silvas
1077 815 1355 858 camposque
1379 814 1530 842 cursu.
1552 799 1721 842 Minore

232 869 419 927 quidem
457 871 666 928 impensa
698 871 861 913 mulier
894 871 1082 928 quaevis
1117 875 1316 913 mentem
1352 871 1571 912 amissura
1609 873 1719 913 erat.

230 939 288 983 Et
313 940 386 983 hic
408 956 588 1000 quoque
618 942 802 985 minime
828 941 1059 985 Alectonis
1084 943 1341 985 interventu
1366 956 1480 1000 opus
1506 941 1606 984 fuit.

290 1011 554 1055 Istiusmodi
586 1028 696 1056 vero
723 1013 969 1072 procellae,
1001 1017 1171 1072 quanto
1200 1014 1303 1072 plus
1344 1013 1515 1055 hahent
1540 1013 1721 1068 virium,

230 1085 354 1125 tanto
377 1084 525 1126 minus
547 1085 765 1143 temporis
785 1099 793 1137 ;
825 1100 907 1128 1100
936 1085 1105 1127 diutius
1134 1085 1265 1129 solito
1288 1085 1521 1127 duravisse
1548 1102 1567 1123 «
1590 1084 1725 1143 phre—

230 1154 430 1197 neticum
456 1174 475 1195 »
505 1156 727 1214 impetum
755 1156 944 1199 Amatae
975 1172 997 1199 e
1025 1156 1229 1213 Vergilio
1257 1157 1357 1214 ipso
1395 1156 1718 1214 comperimus.

230 1225 301 1268 Ab
329 1226 397 1268 ira
424 1227 545 1270 enim
570 1227 617 1269 in
649 1227 859 1270 lacrimas
884 1229 1020 1286 inque
1050 1243 1208 1287 preces
1234 1228 1491 1280 conversa¹,
1515 1226 1573 1269 ad
1595 1226 1724 1269 seda—

229 1297 392 1339 tiorem
419 1297 626 1340 habitum
656 1298 894 1355 redigitur.
924 1299 992 1341 Ita
1025 1304 1177 1342 autem
1210 1314 1291 1342 nos
1320 1299 1448 1357 quasi
1476 1300 1722 1356 praeparat

230 1368 654 1426 providentissimus
682 1370 819 1413 futuri
850 1374 1001 1429 pocta,
1033 1386 1088 1414 ne
1118 1386 1207 1413 non
1236 1374 1424 1413 naturae
1451 1370 1720 1427 veritatique

230 1444 585 1483 consentaneum
630 1441 839 1485 videatur
882 1442 1073 1485 Amatae
1125 1446 1339 1496 mentem,
1372 1441 1429 1484 ad
1469 1444 1720 1483 extremum

228 1512 408 1569 penitus
436 1512 716 1571 depressam,
746 1514 883 1557 rebus
910 1514 1213 1573 despondere.

287 1584 476 1627 Frustra
516 1586 653 1639 enim,
696 1585 1021 1642 adjuvantibus
1061 1586 1232 1629 Latinis
1280 1585 1564 1638 mulieribus,
1618 1585 1718 1627 uni-

226 1670 410 1699 versum
449 1657 671 1716 populum
713 1673 793 1700 suo
832 1658 876 1700 in
918 1658 1138 1714 Trojanos
1180 1658 1283 1700 odio
1321 1658 1485 1700 Amata
1516 1656 1713 1711 infecit2,

224 1742 381 1783 regem
424 1728 481 1771 ad
521 1744 648 1771 arma
690 1729 909 1772 adversus
962 1734 1170 1773 externos
1220 1728 1442 1788 capienda
1485 1728 1718 1772 suscitavit

221 1799 671 1859 invitun1³‚cleiiique
693 1801 903 1859 publicas
932 1802 1289 1860 supplicationes
1318 1802 1493 1855 indixit,
1521 1816 1715 1860 quarum

218 1871 318 1928 ipsa
359 1873 589 1930 particeps
639 1872 899 1931 exemplum
948 1874 1039 1915 suis
1087 1873 1213 1915 dedit
1232 1873 1259 1915 4.
1312 1872 1523 1931 Superati
1562 1877 1715 1916 tamen

218 1944 344 1986 fuere
382 1943 546 1998 Latini,
589 1949 956 2004 provocaturque
1002 1945 1187 1988 tandem
1228 1945 1285 1988 ab
1332 1946 1487 1987 Aenea
1533 1945 1713 1988 Turnus

218 2016 296 2074 qui
325 2031 480 2058 secum
507 2017 626 2059 ferro
655 2017 886 2060 decernat.

276 2088 505 2130 Hactenus
537 2093 690 2131 autem
722 2089 887 2132 Amata
915 2090 1190 2147 pertinacius
1225 2089 1270 2131 in
1299 2104 1378 2147 spe
1407 2089 1559 2147 aliqua
1585 2103 1712 2146 pers-·

215 2159 395 2212 titerat;
420 2175 539 2202 nunc
567 2175 690 2212 vero,
722 2175 823 2202 cum
856 2161 1009 2203 onmia
1036 2175 1125 2203 non
1149 2160 1246 2216 jam
1267 2161 1311 2202 in
1337 2160 1478 2202 dubia
1505 2159 1711 2202 diuturni

216 2230 325 2273 belli
365 2232 479 2285 alea,
523 2231 603 2274 sed
645 2232 689 2274 in
732 2233 962 2290 praesenti
1006 2232 1139 2274 unius
1182 2232 1345 2290 proelii
1387 2232 1507 2274 exitu
1552 2231 1712 2289 reponi

216 2302 356 2356 videt,
387 2306 483 2346 tum
510 2303 677 2356 subito,
707 2330 764 2335 —
797 2304 927 2361 quasi
962 2303 1258 2361 adhucusque
1293 2303 1623 2355 somniavisset,
1655 2329 1712 2334 —

212 2498 307 2539 paulo
326 2501 397 2539 post
417 2499 563 2530 dicturus
586 2502 634 2530 est
653 2503 694 2538 <
708 2504 801 2540 poeta
816 2503 879 2537 >1
904 2501 1030 2531 Allecto
1051 2500 1189 2531 stimulis
1210 2501 1275 2540 agit
1296 2500 1437 2540 undique
1456 2499 1587 2532 Bacchi.
1606 2511 1621 2527 »
1643 2499 1709 2531 Hoc

211 2555 380 2587 perperam
401 2546 548 2579 Sfflvws.
568 2547 681 2577 Dolum
703 2551 733 2578 et
755 2548 899 2579 fraudem
922 2549 1057 2579 subesse
1079 2548 1239 2588 Vergilius
1260 2548 1304 2578 ibi
1326 2548 1498 2585 significat.

256 2594 283 2626 1.
310 2594 356 2625 Cf.
380 2595 476 2632 Aen„
499 2595 555 2633 XI,
584 2595 643 2626 478
670 2605 740 2637 sqq,
764 2605 771 2626 ε
800 2609 814 2624 «
844 2596 976 2627 Necnon
1003 2596 1043 2626 ad
1066 2596 1258 2636 templum...
1283 2595 1413 2635 »;X11‚
1434 2595 1496 2626 30:
1520 2608 1534 2624 «
1555 2594 1708 2637 Conjugis

212 2644 243 2672 et
263 2643 402 2672 maestae
425 2642 605 2675 lacrimis...
624 2655 638 2670 υ

252 2689 282 2721 2.
309 2689 356 2720 (ἱῖ.
379 2690 485 2728 Aen„
505 2690 572 2729 VH,
594 2690 746 2731 392-396,
769 2691 922 2730 400-403,
944 2690 1101 2729 580-5813
1124 2690 1179 2728 XI,
1201 2690 1351 2728 877-878,
1375 2690 1526 2729 stu-895,
1552 2690 1617 2730 ubi,
1640 2691 1708 2721 ins-

211 2737 345 2777 tigante,
386 2740 419 2768 ut
451 2738 626 2769 verisimile
660 2742 719 2776 est,
753 2740 879 2780 Amata,
911 2739 1042 2770 Latinae
1080 2739 1230 2770 mulieres
1264 2738 1302 2769 ad
1341 2738 1564 2770 defendendos
1599 2747 1708 2770 muros

213 2784 373 2815 irruentes
394 2788 488 2824 poeta
509 2785 678 2818 describit.

253 2831 284 2863 3.
308 2833 399 2864 Aen.
423 2832 492 2872 XII,
515 2832 565 2864 30.
594 2833 751 2868 Victus...
775 2834 922 2875 conjugis
944 2837 975 2866 et
995 2837 1135 2866 maestae
1156 2832 1310 2875 lacrimis,
1333 2836 1392 2866 etc.

256 2878 286 2911 4.
311 2880 395 2912 Aen.
417 2880 474 2923 XI,
492 2880 563 2919 478„
