<?xml version="1.0" encoding="UTF-8"?>
<!DOCTYPE html PUBLIC "-//W3C//DTD XHTML 1.0 Transitional//EN"
    "http://www.w3.org/TR/xhtml1/DTD/xhtml1-transitional.dtd">
<html xmlns="http://www.w3.org/1999/xhtml" xml:lang="en" lang="en">
 <head>
  <title>
</title>
<meta http-equiv="Content-Type" content="text/html;charset=utf-8" />
  <meta name='ocr-system' content='tesseract 3.04.00' />
  <meta name='ocr-capabilities' content='ocr_page ocr_carea ocr_par ocr_line ocrx_word'/>
</head>
<body>
  <div class='ocr_page' id='page_1' title='image "./devergilioininfo00rbuoft/devergilioininfo00rbuoft_0143.png"; bbox 0 0 1889 3319; ppageno 0'>
   <div class='ocr_carea' id='block_1_1' title="bbox 688 218 1605 260">
    <p class='ocr_par' dir='ltr' id='par_1_1' title="bbox 688 218 1605 260">
     <span class='ocr_line' id='line_1_1' title="bbox 688 218 1605 260; baseline 0.002 -3"><span class='ocrx_word' id='word_1_1' title='bbox 688 229 815 258; x_wconf 76' lang='lat' dir='ltr'><strong>CAPI&#39;T</strong></span> <span class='ocrx_word' id='word_1_2' title='bbox 850 230 1045 258; x_wconf 68' lang='lat' dir='ltr'>TERTuJM.</span> <span class='ocrx_word' id='word_1_3' title='bbox 1523 218 1605 260; x_wconf 71' lang='lat'>123</span> 
     </span>
    </p>
   </div>
   <div class='ocr_carea' id='block_1_2' title="bbox 119 342 1612 1261">
    <p class='ocr_par' dir='ltr' id='par_1_2' title="bbox 119 342 1612 1261">
     <span class='ocr_line' id='line_1_2' title="bbox 125 342 1606 402; baseline 0.001 -16"><span class='ocrx_word' id='word_1_4' title='bbox 125 343 274 386; x_wconf 79' lang='lat' dir='ltr'>decuit</span> <span class='ocrx_word' id='word_1_5' title='bbox 295 342 529 386; x_wconf 79' lang='lat' dir='ltr'>Camillam</span> <span class='ocrx_word' id='word_1_6' title='bbox 558 345 687 401; x_wconf 85' lang='lat' dir='ltr'>quasi</span> <span class='ocrx_word' id='word_1_7' title='bbox 703 346 908 400; x_wconf 61' lang='lat' dir='ltr'>sug-arom</span> <span class='ocrx_word' id='word_1_8' title='bbox 929 346 1103 386; x_wconf 60' lang='lat' dir='ltr'>stollam</span> <span class='ocrx_word' id='word_1_9' title='bbox 1124 361 1202 402; x_wconf 63' lang='lat' dir='ltr'>prr</span> <span class='ocrx_word' id='word_1_10' title='bbox 1217 346 1464 388; x_wconf 64' lang='lat' dir='ltr'>Aeneidem</span> <span class='ocrx_word' id='word_1_11' title='bbox 1487 352 1606 388; x_wconf 84' lang='lat' dir='ltr'>tran-</span> 
     </span>
     <span class='ocr_line' id='line_1_3' title="bbox 125 415 1606 473; baseline 0.001 -16"><span class='ocrx_word' id='word_1_12' title='bbox 125 416 234 467; x_wconf 85' lang='lat' dir='ltr'>sire,</span> <span class='ocrx_word' id='word_1_13' title='bbox 265 428 413 471; x_wconf 86' lang='lat' dir='ltr'>neque</span> <span class='ocrx_word' id='word_1_14' title='bbox 441 428 521 457; x_wconf 84' lang='lat' dir='ltr'>nos</span> <span class='ocrx_word' id='word_1_15' title='bbox 551 415 722 456; x_wconf 86' lang='lat' dir='ltr'>moneri</span> <span class='ocrx_word' id='word_1_16' title='bbox 747 415 865 457; x_wconf 86' lang='lat' dir='ltr'>unde</span> <span class='ocrx_word' id='word_1_17' title='bbox 894 416 995 457; x_wconf 83' lang='lat' dir='ltr'>talis</span> <span class='ocrx_word' id='word_1_18' title='bbox 1029 417 1169 457; x_wconf 81' lang='lat' dir='ltr'>exiret</span> <span class='ocrx_word' id='word_1_19' title='bbox 1200 417 1345 473; x_wconf 73' lang='lat' dir='ltr'>qualis</span> <span class='ocrx_word' id='word_1_20' title='bbox 1376 418 1506 459; x_wconf 78' lang='lat' dir='ltr'>nobis</span> <span class='ocrx_word' id='word_1_21' title='bbox 1534 432 1606 459; x_wconf 85' lang='lat' dir='ltr'>os-</span> 
     </span>
     <span class='ocr_line' id='line_1_4' title="bbox 122 485 1607 543; baseline 0.001 -15"><span class='ocrx_word' id='word_1_22' title='bbox 122 485 351 528; x_wconf 80' lang='lat' dir='ltr'>tenditur?</span> <span class='ocrx_word' id='word_1_23' title='bbox 380 485 495 526; x_wconf 86' lang='lat' dir='ltr'>Num</span> <span class='ocrx_word' id='word_1_24' title='bbox 530 485 613 527; x_wconf 90' lang='lat' dir='ltr'>fuit</span> <span class='ocrx_word' id='word_1_25' title='bbox 658 490 987 543; x_wconf 77' lang='lat' dir='ltr'>opportunum,</span> <span class='ocrx_word' id='word_1_26' title='bbox 1015 487 1248 528; x_wconf 66' lang='lat' dir='ltr'>Camillam</span> <span class='ocrx_word' id='word_1_27' title='bbox 1275 487 1331 528; x_wconf 87' lang='lat' dir='ltr'>ad</span> <span class='ocrx_word' id='word_1_28' title='bbox 1359 487 1404 529; x_wconf 92' lang='lat' dir='ltr'>id</span> <span class='ocrx_word' id='word_1_29' title='bbox 1432 492 1607 529; x_wconf 83' lang='lat' dir='ltr'>tantum</span> 
     </span>
     <span class='ocr_line' id='line_1_5' title="bbox 121 555 1606 615; baseline 0.001 -17"><span class='ocrx_word' id='word_1_30' title='bbox 121 557 163 598; x_wconf 90' lang='lat' dir='ltr'>in</span> <span class='ocrx_word' id='word_1_31' title='bbox 194 571 358 615; x_wconf 88' lang='lat' dir='ltr'>poema</span> <span class='ocrx_word' id='word_1_32' title='bbox 383 555 712 608; x_wconf 79' lang='lat' dir='ltr'>induci,immo</span> <span class='ocrx_word' id='word_1_33' title='bbox 741 557 925 614; x_wconf 78' lang='lat' dir='ltr'>projici,</span> <span class='ocrx_word' id='word_1_34' title='bbox 958 562 1003 598; x_wconf 91' lang='lat' dir='ltr'>ut</span> <span class='ocrx_word' id='word_1_35' title='bbox 1032 559 1149 599; x_wconf 73' lang='lat' dir='ltr'>viros</span> <span class='ocrx_word' id='word_1_36' title='bbox 1179 558 1456 600; x_wconf 70' lang='lat' dir='ltr'>trucidaret?</span> <span class='ocrx_word' id='word_1_37' title='bbox 1484 558 1606 600; x_wconf 72' lang='lat' dir='ltr'>[nde</span> 
     </span>
     <span class='ocr_line' id='line_1_6' title="bbox 120 626 1607 686; baseline 0.001 -18"><span class='ocrx_word' id='word_1_38' title='bbox 120 626 260 670; x_wconf 86' lang='lat' dir='ltr'>fiebat</span> <span class='ocrx_word' id='word_1_39' title='bbox 284 630 333 669; x_wconf 84' lang='lat' dir='ltr'>ut</span> <span class='ocrx_word' id='word_1_40' title='bbox 365 626 479 669; x_wconf 90' lang='lat' dir='ltr'>adeo</span> <span class='ocrx_word' id='word_1_41' title='bbox 511 632 692 669; x_wconf 70' lang='lat' dir='ltr'>assueta</span> <span class='ocrx_word' id='word_1_42' title='bbox 721 627 894 669; x_wconf 72' lang='lat' dir='ltr'>bellicis</span> <span class='ocrx_word' id='word_1_43' title='bbox 933 628 1148 685; x_wconf 82' lang='lat' dir='ltr'>operibus</span> <span class='ocrx_word' id='word_1_44' title='bbox 1177 629 1380 686; x_wconf 75' lang='lat' dir='ltr'>adeoque</span> <span class='ocrx_word' id='word_1_45' title='bbox 1422 629 1607 670; x_wconf 83' lang='lat' dir='ltr'>militiae</span> 
     </span>
     <span class='ocr_line' id='line_1_7' title="bbox 120 698 1605 743; baseline 0.001 -3"><span class='ocrx_word' id='word_1_46' title='bbox 120 713 278 741; x_wconf 86' lang='lat' dir='ltr'>amans</span> <span class='ocrx_word' id='word_1_47' title='bbox 314 698 460 740; x_wconf 79' lang='lat' dir='ltr'>esset?</span> <span class='ocrx_word' id='word_1_48' title='bbox 498 698 622 739; x_wconf 84' lang='lat' dir='ltr'>Nihil</span> <span class='ocrx_word' id='word_1_49' title='bbox 650 699 708 740; x_wconf 81' lang='lat' dir='ltr'>sit</span> <span class='ocrx_word' id='word_1_50' title='bbox 738 699 969 740; x_wconf 84' lang='lat' dir='ltr'>insolitum</span> <span class='ocrx_word' id='word_1_51' title='bbox 999 700 1091 740; x_wconf 80' lang='lat' dir='ltr'>sine</span> <span class='ocrx_word' id='word_1_52' title='bbox 1131 714 1264 741; x_wconf 82' lang='lat' dir='ltr'>causa</span> <span class='ocrx_word' id='word_1_53' title='bbox 1289 714 1296 743; x_wconf 90' lang='lat'>:</span> <span class='ocrx_word' id='word_1_54' title='bbox 1333 700 1403 741; x_wconf 79' lang='lat' dir='ltr'>lex</span> <span class='ocrx_word' id='word_1_55' title='bbox 1432 704 1498 742; x_wconf 82' lang='lat' dir='ltr'>est</span> <span class='ocrx_word' id='word_1_56' title='bbox 1523 700 1605 742; x_wconf 83' lang='lat' dir='ltr'>ista</span> 
     </span>
     <span class='ocr_line' id='line_1_8' title="bbox 119 763 1610 833; baseline 0 -15"><span class='ocrx_word' id='word_1_57' title='bbox 119 775 450 832; x_wconf 83' lang='lat' dir='ltr'>cujuscumque</span> <span class='ocrx_word' id='word_1_58' title='bbox 480 775 603 817; x_wconf 84' lang='lat' dir='ltr'>artis.</span> <span class='ocrx_word' id='word_1_59' title='bbox 642 775 800 817; x_wconf 10' lang='lat' dir='ltr'>&#39;fruticis</span> <span class='ocrx_word' id='word_1_60' title='bbox 828 763 948 817; x_wconf 87' lang='lat' dir='ltr'>illius</span> <span class='ocrx_word' id='word_1_61' title='bbox 983 776 1161 833; x_wconf 88' lang='lat' dir='ltr'>puellae</span> <span class='ocrx_word' id='word_1_62' title='bbox 1198 776 1438 818; x_wconf 67' lang='lat' dir='ltr'>violentiae</span> <span class='ocrx_word' id='word_1_63' title='bbox 1472 777 1610 818; x_wconf 82' lang='lat' dir='ltr'>inusi-</span> 
     </span>
     <span class='ocr_line' id='line_1_9' title="bbox 119 846 1605 905; baseline 0 -16"><span class='ocrx_word' id='word_1_64' title='bbox 119 851 331 904; x_wconf 85' lang='lat' dir='ltr'>tataeque</span> <span class='ocrx_word' id='word_1_65' title='bbox 366 846 412 887; x_wconf 92' lang='lat' dir='ltr'>in</span> <span class='ocrx_word' id='word_1_66' title='bbox 455 846 625 888; x_wconf 86' lang='lat' dir='ltr'>femina</span> <span class='ocrx_word' id='word_1_67' title='bbox 661 846 837 888; x_wconf 66' lang='lat' dir='ltr'>virtutis</span> <span class='ocrx_word' id='word_1_68' title='bbox 882 848 1102 888; x_wconf 81' lang='lat' dir='ltr'>rationem</span> <span class='ocrx_word' id='word_1_69' title='bbox 1147 847 1338 889; x_wconf 83' lang='lat' dir='ltr'>reddere</span> <span class='ocrx_word' id='word_1_70' title='bbox 1383 849 1605 905; x_wconf 85' lang='lat' dir='ltr'>oportuit,</span> 
     </span>
     <span class='ocr_line' id='line_1_10' title="bbox 121 917 1610 976; baseline 0 -16"><span class='ocrx_word' id='word_1_71' title='bbox 121 922 169 960; x_wconf 83' lang='lat' dir='ltr'>ut</span> <span class='ocrx_word' id='word_1_72' title='bbox 207 932 296 960; x_wconf 89' lang='lat' dir='ltr'>non</span> <span class='ocrx_word' id='word_1_73' title='bbox 334 917 650 959; x_wconf 88' lang='lat' dir='ltr'>tantummodo</span> <span class='ocrx_word' id='word_1_74' title='bbox 684 917 901 959; x_wconf 85' lang='lat' dir='ltr'>bellicum</span> <span class='ocrx_word' id='word_1_75' title='bbox 940 932 1079 973; x_wconf 71' lang='lat' dir='ltr'>agens</span> <span class='ocrx_word' id='word_1_76' title='bbox 1114 923 1157 960; x_wconf 86' lang='lat' dir='ltr'>et</span> <span class='ocrx_word' id='word_1_77' title='bbox 1192 919 1382 976; x_wconf 74' lang='lat' dir='ltr'>loquens</span> <span class='ocrx_word' id='word_1_78' title='bbox 1423 918 1610 960; x_wconf 83' lang='lat' dir='ltr'>induce—</span> 
     </span>
     <span class='ocr_line' id='line_1_11' title="bbox 120 988 1607 1047; baseline 0 -16"><span class='ocrx_word' id='word_1_79' title='bbox 120 992 259 1042; x_wconf 82' lang='lat' dir='ltr'>retur,</span> <span class='ocrx_word' id='word_1_80' title='bbox 291 988 371 1032; x_wconf 83' lang='lat' dir='ltr'>sed</span> <span class='ocrx_word' id='word_1_81' title='bbox 399 992 442 1030; x_wconf 89' lang='lat' dir='ltr'>et</span> <span class='ocrx_word' id='word_1_82' title='bbox 468 988 672 1043; x_wconf 73' lang='lat' dir='ltr'>legentes</span> <span class='ocrx_word' id='word_1_83' title='bbox 701 989 915 1031; x_wconf 79' lang='lat' dir='ltr'>certiores</span> <span class='ocrx_word' id='word_1_84' title='bbox 944 989 1103 1031; x_wconf 81' lang='lat' dir='ltr'>fierent</span> <span class='ocrx_word' id='word_1_85' title='bbox 1131 1004 1209 1031; x_wconf 73' lang='lat' dir='ltr'>cur</span> <span class='ocrx_word' id='word_1_86' title='bbox 1237 990 1299 1031; x_wconf 86' lang='lat' dir='ltr'>sic</span> <span class='ocrx_word' id='word_1_87' title='bbox 1326 990 1607 1047; x_wconf 82' lang='lat' dir='ltr'>loqueretur,</span> 
     </span>
     <span class='ocr_line' id='line_1_12' title="bbox 121 1059 1611 1118; baseline 0 -16"><span class='ocrx_word' id='word_1_88' title='bbox 121 1060 186 1106; x_wconf 87' lang='lat' dir='ltr'>sic</span> <span class='ocrx_word' id='word_1_89' title='bbox 209 1063 386 1116; x_wconf 72' lang='lat' dir='ltr'>ageret,</span> <span class='ocrx_word' id='word_1_90' title='bbox 418 1075 565 1117; x_wconf 86' lang='lat' dir='ltr'>neque</span> <span class='ocrx_word' id='word_1_91' title='bbox 595 1059 741 1102; x_wconf 89' lang='lat' dir='ltr'>solum</span> <span class='ocrx_word' id='word_1_92' title='bbox 776 1060 1126 1102; x_wconf 79' lang='lat' dir='ltr'>instrumentum</span> <span class='ocrx_word' id='word_1_93' title='bbox 1163 1061 1393 1118; x_wconf 82' lang='lat' dir='ltr'>quoddam</span> <span class='ocrx_word' id='word_1_94' title='bbox 1433 1061 1611 1118; x_wconf 88' lang='lat' dir='ltr'>epicum</span> 
     </span>
     <span class='ocr_line' id='line_1_13' title="bbox 123 1129 1612 1190; baseline -0.001 -16"><span class='ocrx_word' id='word_1_95' title='bbox 123 1136 166 1174; x_wconf 89' lang='lat' dir='ltr'>et</span> <span class='ocrx_word' id='word_1_96' title='bbox 196 1132 376 1190; x_wconf 84' lang='lat' dir='ltr'>poetica</span> <span class='ocrx_word' id='word_1_97' title='bbox 404 1131 610 1173; x_wconf 86' lang='lat' dir='ltr'>machina</span> <span class='ocrx_word' id='word_1_98' title='bbox 641 1129 832 1173; x_wconf 86' lang='lat' dir='ltr'>Camilla</span> <span class='ocrx_word' id='word_1_99' title='bbox 860 1132 990 1179; x_wconf 83' lang='lat' dir='ltr'>soret,</span> <span class='ocrx_word' id='word_1_100' title='bbox 1022 1132 1102 1174; x_wconf 88' lang='lat' dir='ltr'>sed</span> <span class='ocrx_word' id='word_1_101' title='bbox 1143 1137 1186 1174; x_wconf 91' lang='lat' dir='ltr'>et</span> <span class='ocrx_word' id='word_1_102' title='bbox 1215 1148 1346 1174; x_wconf 83' lang='lat' dir='ltr'>verae</span> <span class='ocrx_word' id='word_1_103' title='bbox 1376 1133 1612 1190; x_wconf 75' lang='lat' dir='ltr'>propriam</span> 
     </span>
     <span class='ocr_line' id='line_1_14' title="bbox 124 1202 761 1261; baseline -0.003 -15"><span class='ocrx_word' id='word_1_104' title='bbox 124 1217 345 1261; x_wconf 79' lang='lat' dir='ltr'>personae</span> <span class='ocrx_word' id='word_1_105' title='bbox 374 1204 512 1244; x_wconf 86' lang='lat' dir='ltr'>vitam</span> <span class='ocrx_word' id='word_1_106' title='bbox 540 1202 761 1244; x_wconf 88' lang='lat' dir='ltr'>indueret.</span> 
     </span>
    </p>
   </div>
   <div class='ocr_carea' id='block_1_3' title="bbox 118 1363 1614 2775">
    <p class='ocr_par' dir='ltr' id='par_1_3' title="bbox 118 1363 1614 2346">
     <span class='ocr_line' id='line_1_15' title="bbox 185 1363 1614 1421; baseline -0.001 -15"><span class='ocrx_word' id='word_1_107' title='bbox 185 1364 286 1407; x_wconf 83' lang='lat' dir='ltr'>Huc</span> <span class='ocrx_word' id='word_1_108' title='bbox 323 1367 475 1406; x_wconf 90' lang='lat' dir='ltr'>autem</span> <span class='ocrx_word' id='word_1_109' title='bbox 521 1364 632 1405; x_wconf 89' lang='lat' dir='ltr'>mire</span> <span class='ocrx_word' id='word_1_110' title='bbox 677 1364 873 1421; x_wconf 80' lang='lat' dir='ltr'>pertinet</span> <span class='ocrx_word' id='word_1_111' title='bbox 916 1369 1008 1405; x_wconf 86' lang='lat' dir='ltr'>tam</span> <span class='ocrx_word' id='word_1_112' title='bbox 1048 1363 1207 1405; x_wconf 89' lang='lat' dir='ltr'>sedulo</span> <span class='ocrx_word' id='word_1_113' title='bbox 1258 1368 1614 1405; x_wconf 87' lang='lat' dir='ltr'>commemorata</span> 
     </span>
     <span class='ocr_line' id='line_1_16' title="bbox 128 1434 1611 1493; baseline -0.001 -15"><span class='ocrx_word' id='word_1_114' title='bbox 128 1435 344 1479; x_wconf 77' lang='lat' dir='ltr'>Camillae</span> <span class='ocrx_word' id='word_1_115' title='bbox 386 1435 619 1493; x_wconf 86' lang='lat' dir='ltr'>pueritia¹.</span> <span class='ocrx_word' id='word_1_116' title='bbox 663 1434 835 1492; x_wconf 82' lang='lat' dir='ltr'>Nempe</span> <span class='ocrx_word' id='word_1_117' title='bbox 883 1435 1043 1477; x_wconf 88' lang='lat' dir='ltr'>orbata</span> <span class='ocrx_word' id='word_1_118' title='bbox 1088 1439 1252 1488; x_wconf 85' lang='lat' dir='ltr'>matre,</span> <span class='ocrx_word' id='word_1_119' title='bbox 1309 1449 1410 1476; x_wconf 92' lang='lat' dir='ltr'>cum</span> <span class='ocrx_word' id='word_1_120' title='bbox 1462 1434 1611 1477; x_wconf 89' lang='lat' dir='ltr'>adhuc</span> 
     </span>
     <span class='ocr_line' id='line_1_17' title="bbox 125 1505 1611 1564; baseline -0.001 -15"><span class='ocrx_word' id='word_1_121' title='bbox 125 1507 273 1549; x_wconf 86' lang='lat' dir='ltr'>infans</span> <span class='ocrx_word' id='word_1_122' title='bbox 315 1510 455 1559; x_wconf 84' lang='lat' dir='ltr'>esset,</span> <span class='ocrx_word' id='word_1_123' title='bbox 493 1505 627 1548; x_wconf 73' lang='lat' dir='ltr'>‘solas</span> <span class='ocrx_word' id='word_1_124' title='bbox 668 1505 934 1559; x_wconf 74' lang='lat' dir='ltr'>blanditias,</span> <span class='ocrx_word' id='word_1_125' title='bbox 975 1510 1019 1548; x_wconf 86' lang='lat' dir='ltr'>et</span> <span class='ocrx_word' id='word_1_126' title='bbox 1059 1520 1244 1564; x_wconf 84' lang='lat' dir='ltr'>asperas</span> <span class='ocrx_word' id='word_1_127' title='bbox 1284 1505 1399 1556; x_wconf 85' lang='lat' dir='ltr'>illas,</span> <span class='ocrx_word' id='word_1_128' title='bbox 1441 1506 1611 1549; x_wconf 81' lang='lat' dir='ltr'>Metabi</span> 
     </span>
     <span class='ocr_line' id='line_1_18' title="bbox 125 1577 1607 1636; baseline -0.001 -16"><span class='ocrx_word' id='word_1_129' title='bbox 125 1579 267 1636; x_wconf 87' lang='lat' dir='ltr'>patris</span> <span class='ocrx_word' id='word_1_130' title='bbox 297 1581 483 1635; x_wconf 83' lang='lat' dir='ltr'>experta</span> <span class='ocrx_word' id='word_1_131' title='bbox 511 1582 599 1624; x_wconf 82' lang='lat' dir='ltr'>est,</span> <span class='ocrx_word' id='word_1_132' title='bbox 630 1592 790 1634; x_wconf 86' lang='lat' dir='ltr'>parum</span> <span class='ocrx_word' id='word_1_133' title='bbox 820 1577 862 1618; x_wconf 92' lang='lat' dir='ltr'>in</span> <span class='ocrx_word' id='word_1_134' title='bbox 892 1577 1097 1619; x_wconf 73' lang='lat' dir='ltr'>fovendis</span> <span class='ocrx_word' id='word_1_135' title='bbox 1134 1577 1312 1630; x_wconf 87' lang='lat' dir='ltr'>liberis,</span> <span class='ocrx_word' id='word_1_136' title='bbox 1346 1582 1393 1619; x_wconf 87' lang='lat' dir='ltr'>nt</span> <span class='ocrx_word' id='word_1_137' title='bbox 1415 1577 1607 1629; x_wconf 78' lang='lat' dir='ltr'>videtur,</span> 
     </span>
     <span class='ocr_line' id='line_1_19' title="bbox 124 1648 1611 1706; baseline -0.002 -14"><span class='ocrx_word' id='word_1_138' title='bbox 124 1649 323 1692; x_wconf 79' lang='lat' dir='ltr'>delicati.</span> <span class='ocrx_word' id='word_1_139' title='bbox 367 1649 545 1691; x_wconf 73' lang='lat' dir='ltr'>Exsulis</span> <span class='ocrx_word' id='word_1_140' title='bbox 586 1648 829 1706; x_wconf 84' lang='lat' dir='ltr'>praedonis</span> <span class='ocrx_word' id='word_1_141' title='bbox 876 1663 1054 1697; x_wconf 76' lang='lat' dir='ltr'>comes,</span> <span class='ocrx_word' id='word_1_142' title='bbox 1099 1663 1277 1705; x_wconf 83' lang='lat' dir='ltr'>unaque</span> <span class='ocrx_word' id='word_1_143' title='bbox 1316 1662 1416 1690; x_wconf 82' lang='lat' dir='ltr'>cum</span> <span class='ocrx_word' id='word_1_144' title='bbox 1448 1648 1525 1689; x_wconf 92' lang='lat' dir='ltr'>illo</span> <span class='ocrx_word' id='word_1_145' title='bbox 1565 1649 1611 1690; x_wconf 88' lang='lat' dir='ltr'>in</span> 
     </span>
     <span class='ocr_line' id='line_1_20' title="bbox 125 1719 1605 1777; baseline -0.001 -15"><span class='ocrx_word' id='word_1_146' title='bbox 125 1721 249 1763; x_wconf 87' lang='lat' dir='ltr'>silvis</span> <span class='ocrx_word' id='word_1_147' title='bbox 278 1719 452 1772; x_wconf 86' lang='lat' dir='ltr'>abdita,</span> <span class='ocrx_word' id='word_1_148' title='bbox 483 1720 699 1777; x_wconf 85' lang='lat' dir='ltr'>periculis</span> <span class='ocrx_word' id='word_1_149' title='bbox 728 1735 817 1762; x_wconf 86' lang='lat' dir='ltr'>una</span> <span class='ocrx_word' id='word_1_150' title='bbox 845 1720 1034 1761; x_wconf 70' lang='lat' dir='ltr'>obsessa</span> <span class='ocrx_word' id='word_1_151' title='bbox 1069 1725 1135 1761; x_wconf 81' lang='lat' dir='ltr'>est</span> <span class='ocrx_word' id='word_1_152' title='bbox 1171 1720 1462 1777; x_wconf 80' lang='lat' dir='ltr'>inopiamque</span> <span class='ocrx_word' id='word_1_153' title='bbox 1491 1720 1605 1761; x_wconf 85' lang='lat' dir='ltr'>tulit.</span> 
     </span>
     <span class='ocr_line' id='line_1_21' title="bbox 123 1790 1610 1848; baseline -0.001 -14"><span class='ocrx_word' id='word_1_154' title='bbox 123 1791 328 1834; x_wconf 86' lang='lat' dir='ltr'>Fuerunt</span> <span class='ocrx_word' id='word_1_155' title='bbox 365 1792 405 1833; x_wconf 92' lang='lat' dir='ltr'>ei</span> <span class='ocrx_word' id='word_1_156' title='bbox 440 1795 589 1833; x_wconf 86' lang='lat' dir='ltr'>sentes</span> <span class='ocrx_word' id='word_1_157' title='bbox 624 1790 923 1840; x_wconf 81' lang='lat' dir='ltr'>incunabula,</span> <span class='ocrx_word' id='word_1_158' title='bbox 960 1792 1159 1833; x_wconf 80' lang='lat' dir='ltr'>nutrices</span> <span class='ocrx_word' id='word_1_159' title='bbox 1194 1806 1374 1848; x_wconf 79' lang='lat' dir='ltr'>caprae.</span> <span class='ocrx_word' id='word_1_160' title='bbox 1412 1790 1610 1833; x_wconf 78' lang='lat' dir='ltr'>Pedibus</span> 
     </span>
     <span class='ocr_line' id='line_1_22' title="bbox 123 1861 1612 1921; baseline -0.001 -16"><span class='ocrx_word' id='word_1_161' title='bbox 123 1863 203 1905; x_wconf 89' lang='lat' dir='ltr'>ubi</span> <span class='ocrx_word' id='word_1_162' title='bbox 229 1863 428 1921; x_wconf 87' lang='lat' dir='ltr'>primum</span> <span class='ocrx_word' id='word_1_163' title='bbox 457 1862 635 1917; x_wconf 79' lang='lat' dir='ltr'>ingredi</span> <span class='ocrx_word' id='word_1_164' title='bbox 664 1862 820 1914; x_wconf 79' lang='lat' dir='ltr'>valuit,</span> <span class='ocrx_word' id='word_1_165' title='bbox 847 1878 872 1903; x_wconf 87' lang='lat' dir='ltr'>a</span> <span class='ocrx_word' id='word_1_166' title='bbox 891 1862 1071 1905; x_wconf 71' lang='lat' dir='ltr'>Metabo</span> <span class='ocrx_word' id='word_1_167' title='bbox 1093 1877 1246 1904; x_wconf 86' lang='lat' dir='ltr'>arcum</span> <span class='ocrx_word' id='word_1_168' title='bbox 1269 1867 1311 1904; x_wconf 89' lang='lat' dir='ltr'>et</span> <span class='ocrx_word' id='word_1_169' title='bbox 1331 1861 1518 1903; x_wconf 81' lang='lat' dir='ltr'>fundam</span> <span class='ocrx_word' id='word_1_170' title='bbox 1542 1877 1612 1904; x_wconf 87' lang='lat' dir='ltr'>ac-</span> 
     </span>
     <span class='ocr_line' id='line_1_23' title="bbox 121 1933 1612 1992; baseline -0.002 -15"><span class='ocrx_word' id='word_1_171' title='bbox 121 1935 242 1992; x_wconf 87' lang='lat' dir='ltr'>cepit</span> <span class='ocrx_word' id='word_1_172' title='bbox 269 1933 541 1992; x_wconf 82' lang='lat' dir='ltr'>crepundia,</span> <span class='ocrx_word' id='word_1_173' title='bbox 573 1934 633 1975; x_wconf 83' lang='lat' dir='ltr'>ita</span> <span class='ocrx_word' id='word_1_174' title='bbox 668 1938 717 1975; x_wconf 85' lang='lat' dir='ltr'>nt</span> <span class='ocrx_word' id='word_1_175' title='bbox 745 1948 875 1975; x_wconf 80' lang='lat' dir='ltr'>sexus</span> <span class='ocrx_word' id='word_1_176' title='bbox 904 1934 972 1975; x_wconf 90' lang='lat' dir='ltr'>sui</span> <span class='ocrx_word' id='word_1_177' title='bbox 1001 1934 1071 1975; x_wconf 71' lang='lat' dir='ltr'>vel</span> <span class='ocrx_word' id='word_1_178' title='bbox 1099 1933 1298 1991; x_wconf 76' lang='lat' dir='ltr'>pueriles</span> <span class='ocrx_word' id='word_1_179' title='bbox 1327 1933 1512 1975; x_wconf 79' lang='lat' dir='ltr'>delicias</span> <span class='ocrx_word' id='word_1_180' title='bbox 1541 1933 1612 1974; x_wconf 78' lang='lat' dir='ltr'>vel</span> 
     </span>
     <span class='ocr_line' id='line_1_24' title="bbox 118 2004 1611 2062; baseline -0.002 -14"><span class='ocrx_word' id='word_1_181' title='bbox 118 2005 346 2062; x_wconf 86' lang='lat' dir='ltr'>juveniles</span> <span class='ocrx_word' id='word_1_182' title='bbox 373 2005 555 2047; x_wconf 83' lang='lat' dir='ltr'>labores</span> <span class='ocrx_word' id='word_1_183' title='bbox 585 2004 775 2047; x_wconf 83' lang='lat' dir='ltr'>Camilla</span> <span class='ocrx_word' id='word_1_184' title='bbox 802 2005 1000 2062; x_wconf 90' lang='lat' dir='ltr'>primum</span> <span class='ocrx_word' id='word_1_185' title='bbox 1017 2005 1310 2059; x_wconf 70' lang='lat' dir='ltr'>ignoraverit,</span> <span class='ocrx_word' id='word_1_186' title='bbox 1334 2004 1497 2046; x_wconf 86' lang='lat' dir='ltr'>deinde</span> <span class='ocrx_word' id='word_1_187' title='bbox 1519 2019 1611 2046; x_wconf 82' lang='lat' dir='ltr'>res-</span> 
     </span>
     <span class='ocr_line' id='line_1_25' title="bbox 123 2076 1610 2136; baseline -0.002 -17"><span class='ocrx_word' id='word_1_188' title='bbox 123 2077 296 2136; x_wconf 84' lang='lat' dir='ltr'>puerit,</span> <span class='ocrx_word' id='word_1_189' title='bbox 335 2091 418 2119; x_wconf 86' lang='lat' dir='ltr'>nec</span> <span class='ocrx_word' id='word_1_190' title='bbox 446 2076 690 2134; x_wconf 82' lang='lat' dir='ltr'>quicquam</span> <span class='ocrx_word' id='word_1_191' title='bbox 719 2077 944 2133; x_wconf 81' lang='lat' dir='ltr'>optaverit</span> <span class='ocrx_word' id='word_1_192' title='bbox 977 2076 1174 2133; x_wconf 86' lang='lat' dir='ltr'>amplius</span> <span class='ocrx_word' id='word_1_193' title='bbox 1202 2090 1339 2133; x_wconf 83' lang='lat' dir='ltr'>quam</span> <span class='ocrx_word' id='word_1_194' title='bbox 1367 2076 1610 2133; x_wconf 64' lang='lat' dir='ltr'>impigram</span> 
     </span>
     <span class='ocr_line' id='line_1_26' title="bbox 122 2146 1609 2205; baseline -0.001 -15"><span class='ocrx_word' id='word_1_195' title='bbox 122 2148 248 2191; x_wconf 87' lang='lat' dir='ltr'>illam</span> <span class='ocrx_word' id='word_1_196' title='bbox 301 2152 344 2190; x_wconf 89' lang='lat' dir='ltr'>et</span> <span class='ocrx_word' id='word_1_197' title='bbox 382 2148 633 2205; x_wconf 83' lang='lat' dir='ltr'>inquietem</span> <span class='ocrx_word' id='word_1_198' title='bbox 674 2152 884 2189; x_wconf 79' lang='lat' dir='ltr'>actuosae</span> <span class='ocrx_word' id='word_1_199' title='bbox 926 2148 1042 2189; x_wconf 61' lang='lat' dir='ltr'>vitae</span> <span class='ocrx_word' id='word_1_200' title='bbox 1081 2147 1353 2189; x_wconf 87' lang='lat' dir='ltr'>libertatem.</span> <span class='ocrx_word' id='word_1_201' title='bbox 1393 2146 1609 2189; x_wconf 81' lang='lat' dir='ltr'>Indurato</span> 
     </span>
     <span class='ocr_line' id='line_1_27' title="bbox 122 2217 1610 2277; baseline -0.001 -16"><span class='ocrx_word' id='word_1_202' title='bbox 122 2234 304 2277; x_wconf 84' lang='lat' dir='ltr'>quoque</span> <span class='ocrx_word' id='word_1_203' title='bbox 344 2219 519 2272; x_wconf 87' lang='lat' dir='ltr'>animo,</span> <span class='ocrx_word' id='word_1_204' title='bbox 560 2218 826 2274; x_wconf 77' lang='lat' dir='ltr'>conjuginm</span> <span class='ocrx_word' id='word_1_205' title='bbox 869 2218 1116 2273; x_wconf 65' lang='lat' dir='ltr'>dedignata</span> <span class='ocrx_word' id='word_1_206' title='bbox 1162 2223 1252 2269; x_wconf 81' lang='lat' dir='ltr'>est,</span> <span class='ocrx_word' id='word_1_207' title='bbox 1296 2233 1378 2259; x_wconf 79' lang='lat' dir='ltr'>nec</span> <span class='ocrx_word' id='word_1_208' title='bbox 1428 2236 1448 2256; x_wconf 68' lang='grc' dir='ltr'><strong>α</strong></span> <span class='ocrx_word' id='word_1_209' title='bbox 1500 2217 1610 2275; x_wconf 84' lang='lat' dir='ltr'>quid</span> 
     </span>
     <span class='ocr_line' id='line_1_28' title="bbox 126 2291 655 2346; baseline -0.002 -13"><span class='ocrx_word' id='word_1_210' title='bbox 126 2291 182 2333; x_wconf 90' lang='lat' dir='ltr'>sit</span> <span class='ocrx_word' id='word_1_211' title='bbox 206 2291 349 2333; x_wconf 88' lang='lat' dir='ltr'>Amor</span> <span class='ocrx_word' id='word_1_212' title='bbox 378 2309 397 2329; x_wconf 87' lang='lat'>»</span> <span class='ocrx_word' id='word_1_213' title='bbox 428 2291 655 2346; x_wconf 77' lang='lat' dir='ltr'>cognovit.</span> 
     </span>
    </p>

    <p class='ocr_par' dir='ltr' id='par_1_4' title="bbox 124 2359 1610 2633">
     <span class='ocr_line' id='line_1_29' title="bbox 184 2359 1609 2417; baseline -0.001 -13"><span class='ocrx_word' id='word_1_214' title='bbox 184 2361 386 2404; x_wconf 87' lang='lat' dir='ltr'>Viriliter</span> <span class='ocrx_word' id='word_1_215' title='bbox 413 2376 522 2417; x_wconf 73' lang='lat' dir='ltr'>ergo</span> <span class='ocrx_word' id='word_1_216' title='bbox 551 2361 784 2413; x_wconf 83' lang='lat' dir='ltr'>educatae,</span> <span class='ocrx_word' id='word_1_217' title='bbox 817 2361 1007 2402; x_wconf 79' lang='lat' dir='ltr'>viriliter</span> <span class='ocrx_word' id='word_1_218' title='bbox 1032 2361 1076 2402; x_wconf 91' lang='lat' dir='ltr'>in</span> <span class='ocrx_word' id='word_1_219' title='bbox 1106 2359 1225 2402; x_wconf 86' lang='lat' dir='ltr'>hello</span> <span class='ocrx_word' id='word_1_220' title='bbox 1254 2361 1405 2416; x_wconf 75' lang='lat' dir='ltr'>agenti</span> <span class='ocrx_word' id='word_1_221' title='bbox 1439 2361 1609 2403; x_wconf 64' lang='lat' dir='ltr'>invidia</span> 
     </span>
     <span class='ocr_line' id='line_1_30' title="bbox 125 2431 1609 2490; baseline -0.001 -15"><span class='ocrx_word' id='word_1_222' title='bbox 125 2431 271 2488; x_wconf 79' lang='lat' dir='ltr'>abest,</span> <span class='ocrx_word' id='word_1_223' title='bbox 301 2448 449 2490; x_wconf 87' lang='lat' dir='ltr'>neque</span> <span class='ocrx_word' id='word_1_224' title='bbox 492 2437 644 2490; x_wconf 85' lang='lat' dir='ltr'>stupet</span> <span class='ocrx_word' id='word_1_225' title='bbox 681 2432 837 2484; x_wconf 82' lang='lat' dir='ltr'>lector,</span> <span class='ocrx_word' id='word_1_226' title='bbox 875 2446 1023 2488; x_wconf 83' lang='lat' dir='ltr'>neque</span> <span class='ocrx_word' id='word_1_227' title='bbox 1052 2432 1315 2482; x_wconf 84' lang='lat' dir='ltr'>offenditur,</span> <span class='ocrx_word' id='word_1_228' title='bbox 1352 2433 1387 2473; x_wconf 80' lang='lat' dir='ltr'>si</span> <span class='ocrx_word' id='word_1_229' title='bbox 1427 2432 1609 2474; x_wconf 75' lang='lat' dir='ltr'>militari</span> 
     </span>
     <span class='ocr_line' id='line_1_31' title="bbox 129 2503 1610 2562; baseline -0.001 -16"><span class='ocrx_word' id='word_1_230' title='bbox 129 2503 328 2562; x_wconf 87' lang='lat' dir='ltr'>quadam</span> <span class='ocrx_word' id='word_1_231' title='bbox 361 2504 603 2561; x_wconf 87' lang='lat' dir='ltr'>disciplina</span> <span class='ocrx_word' id='word_1_232' title='bbox 647 2503 797 2561; x_wconf 89' lang='lat' dir='ltr'>puella</span> <span class='ocrx_word' id='word_1_233' title='bbox 846 2503 1019 2544; x_wconf 80' lang='lat' dir='ltr'>exculta</span> <span class='ocrx_word' id='word_1_234' title='bbox 1063 2517 1244 2544; x_wconf 76' lang='lat' dir='ltr'>saevam</span> <span class='ocrx_word' id='word_1_235' title='bbox 1283 2518 1332 2545; x_wconf 87' lang='lat' dir='ltr'>ac</span> <span class='ocrx_word' id='word_1_236' title='bbox 1375 2508 1610 2545; x_wconf 88' lang='lat' dir='ltr'>cruentam</span> 
     </span>
     <span class='ocr_line' id='line_1_32' title="bbox 124 2575 682 2633; baseline -0.004 -16"><span class='ocrx_word' id='word_1_237' title='bbox 124 2589 170 2618; x_wconf 90' lang='lat' dir='ltr'>se</span> <span class='ocrx_word' id='word_1_238' title='bbox 197 2575 417 2633; x_wconf 85' lang='lat' dir='ltr'>praebeat</span> <span class='ocrx_word' id='word_1_239' title='bbox 443 2575 682 2629; x_wconf 75' lang='lat' dir='ltr'>virginem.</span> 
     </span>
    </p>

    <p class='ocr_par' dir='ltr' id='par_1_5' title="bbox 125 2644 1612 2775">
     <span class='ocr_line' id='line_1_33' title="bbox 183 2644 1612 2702; baseline -0.001 -13"><span class='ocrx_word' id='word_1_240' title='bbox 183 2645 315 2697; x_wconf 87' lang='lat' dir='ltr'>Quod</span> <span class='ocrx_word' id='word_1_241' title='bbox 342 2647 481 2702; x_wconf 74' lang='lat' dir='ltr'>igitur</span> <span class='ocrx_word' id='word_1_242' title='bbox 515 2645 570 2687; x_wconf 87' lang='lat' dir='ltr'>de</span> <span class='ocrx_word' id='word_1_243' title='bbox 605 2645 690 2687; x_wconf 89' lang='lat' dir='ltr'>hoc</span> <span class='ocrx_word' id='word_1_244' title='bbox 724 2645 823 2686; x_wconf 87' lang='lat' dir='ltr'>loco</span> <span class='ocrx_word' id='word_1_245' title='bbox 860 2644 1136 2686; x_wconf 85' lang='lat' dir='ltr'>censendum</span> <span class='ocrx_word' id='word_1_246' title='bbox 1183 2645 1454 2698; x_wconf 82' lang='lat' dir='ltr'>existimem,</span> <span class='ocrx_word' id='word_1_247' title='bbox 1497 2644 1612 2688; x_wconf 91' lang='lat' dir='ltr'>illud</span> 
     </span>
     <span class='ocr_line' id='line_1_34' title="bbox 125 2715 1609 2775; baseline 0.001 -17"><span class='ocrx_word' id='word_1_248' title='bbox 125 2721 206 2759; x_wconf 85' lang='lat' dir='ltr'>est.</span> <span class='ocrx_word' id='word_1_249' title='bbox 241 2717 434 2770; x_wconf 88' lang='lat' dir='ltr'>Quando</span> <span class='ocrx_word' id='word_1_250' title='bbox 462 2717 660 2775; x_wconf 91' lang='lat' dir='ltr'>primum</span> <span class='ocrx_word' id='word_1_251' title='bbox 690 2715 941 2757; x_wconf 79' lang='lat' dir='ltr'>Aeneidem</span> <span class='ocrx_word' id='word_1_252' title='bbox 971 2715 1220 2768; x_wconf 77' lang='lat' dir='ltr'>scribebat,</span> <span class='ocrx_word' id='word_1_253' title='bbox 1261 2715 1461 2771; x_wconf 70' lang='lat' dir='ltr'>Vergilio</span> <span class='ocrx_word' id='word_1_254' title='bbox 1503 2718 1609 2759; x_wconf 81' lang='lat' dir='ltr'>satis</span> 
     </span>
    </p>
   </div>
   <div class='ocr_carea' id='block_1_4' title="bbox 173 2921 831 2963">
    <p class='ocr_par' dir='ltr' id='par_1_6' title="bbox 173 2921 831 2963">
     <span class='ocr_line' id='line_1_35' title="bbox 173 2921 831 2963; baseline 0 -9"><span class='ocrx_word' id='word_1_255' title='bbox 173 2922 201 2954; x_wconf 89' lang='lat'>1.</span> <span class='ocrx_word' id='word_1_256' title='bbox 225 2924 309 2956; x_wconf 69' lang='lat' dir='ltr'>Aen.</span> <span class='ocrx_word' id='word_1_257' title='bbox 333 2922 390 2963; x_wconf 87' lang='lat' dir='ltr'>XI,</span> <span class='ocrx_word' id='word_1_258' title='bbox 409 2922 469 2954; x_wconf 82' lang='lat'>539</span> <span class='ocrx_word' id='word_1_259' title='bbox 490 2931 572 2963; x_wconf 82' lang='lat' dir='ltr'>sqq.‚</span> <span class='ocrx_word' id='word_1_260' title='bbox 592 2922 663 2961; x_wconf 78' lang='lat'>567,</span> <span class='ocrx_word' id='word_1_261' title='bbox 685 2921 831 2954; x_wconf 68' lang='lat'>573-584.</span> 
     </span>
    </p>
   </div>
  </div>
 </body>
</html>
