1889 3319
254 188 336 230 132
804 204 905 232 PARS
939 202 1181 232 POSTEmon.

308 317 481 359 Rursus
523 333 632 359 vero
673 317 858 360 eosdem
892 332 1027 360 curae
1065 332 1163 359 esse
1199 317 1329 370 vivis,
1374 317 1485 375 quid
1523 320 1743 361 necesse?

250 386 468 430 Servetur
489 403 596 430 sane
625 388 894 446 aliquandiu
912 388 1110 430 viduitas
1137 402 1145 432 :
1177 389 1240 430 sic
1275 388 1420 441 decet,
1453 389 1742 447 servavitque

249 458 382 501 Dido.
413 458 574 501 Doleat
605 474 793 517 prorsus
823 458 1089 517 aliquandiu
1123 459 1260 501 vidua
1293 458 1458 515 conjux
1487 473 1495 503 :
1537 460 1743 502 naturale

250 533 333 583 est,
364 534 408 572 et
433 530 533 588 ipsa
561 531 676 573 Dido
710 531 897 586 longum
933 546 1016 588 per
1042 534 1224 588 tempus
1253 548 1273 569 «
1306 545 1445 586 aegra
1475 549 1494 569 »
1524 530 1621 573 fuit.
1653 531 1745 574 Ae-

248 604 430 644 ternum
457 617 565 644 vero
597 602 772 658 lugere,
810 606 1134 659 aeternamque
1175 601 1420 644 observare
1455 601 1739 654 viduitatem,

248 672 359 730 quid
401 673 574 715 refert?
617 671 749 725 Quod
788 672 974 732 quidem
1013 673 1257 723 neminem,
1300 688 1449 730 neque
1488 672 1741 726 defunctos,

248 758 396 801 neque
439 745 721 802 superstites,
762 745 1007 803 quicquam
1037 744 1181 799 juvet.
1221 744 1512 802 Respuantur
1545 745 1623 802 qui
1657 744 1746 787 dis-

249 815 448 873 pliceant
482 817 637 873 proci3
681 834 701 854 «
743 820 855 868 esto,
908 834 927 854 »
970 841 1027 846 -
1061 816 1243 858 tametsi
1282 831 1304 858 e
1345 815 1616 873 petitoribus
1654 815 1744 858 illis

250 886 473 943 quosdam
501 901 632 942 reges
659 888 814 939 fuisse⁷
847 891 890 929 et
910 887 1013 929 illos
1041 890 1265 944 potentes,
1290 901 1378 929 non
1399 887 1493 928 sine
1516 886 1745 929 desiderio

249 957 449 1015 quodam
477 959 739 1001 meminisse
756 958 887 1001 Anna
904 958 1096 1000 videtur.
1117 984 1173 989 -—
1188 958 1318 1000 Nunc
1333 961 1485 1000 autem
1502 957 1646 1011 adest,
1666 958 1745 1016 qui

249 1028 415 1086 placet,
447 1045 709 1087 quanquam
747 1030 872 1072 exsul
900 1033 943 1072 et
971 1029 1183 1072 omnibus
1213 1043 1384 1085 egenus
1417 1044 1424 1072 :
1466 1048 1486 1068 «
1516 1029 1744 1087 placitone

249 1101 385 1142 etiam
414 1101 558 1143 amori
589 1120 608 1140 »
640 1115 846 1159 pugnare
875 1101 1037 1143 rationi
1068 1104 1422 1143 consentaneum
1451 1103 1553 1143 est?

310 1171 465 1229 Neque
501 1172 559 1214 ab
599 1172 742 1214 altero
776 1172 991 1227 conjugio
1020 1186 1109 1214 non
1137 1171 1460 1213 abstinendum
1500 1174 1745 1230 propterea

246 1243 564 1286 tantummodo
601 1247 755 1286 censet
783 1244 928 1294 Anna,
961 1243 1083 1300 quod
1113 1247 1317 1285 materna
1351 1242 1514 1285 Didoni
1553 1243 1743 1285 felicitas

243 1315 347 1370 jure
377 1315 580 1372 exoptavi
609 1315 775 1372 possit3
808 1314 887 1356 sed
917 1318 959 1356 et
986 1314 1073 1356 alia
1101 1329 1283 1372 quoque
1312 1314 1429 1356 vitae
1457 1313 1625 1369 gaudia
1653 1328 1742 1356 non

248 1386 541 1442 dedignanda
569 1386 819 1428 arbitratur
844 1399 852 1428 :

496 1516 571 1548 Nec
590 1514 724 1548 dulces
749 1518 874 1556 natos,
908 1515 1049 1547 Veneris
1070 1525 1130 1546 nec
1146 1515 1307 1556 praemia
1327 1514 1431 1547 noris
1445 1515 1465 1545 ¹.

247 1629 595 1685 Pyrrhonizanti
624 1628 678 1670 de
707 1629 884 1670 animae
912 1628 1251 1670 immortalitate
1280 1628 1462 1683 virgini,
1495 1628 1740 1686 subepicu-

246 1715 374 1742 reum
404 1699 652 1758 quoddam,
684 1703 733 1742 ut
759 1701 816 1742 ita
854 1699 1018 1751 dicam,
1056 1700 1204 1741 inesse
1240 1714 1423 1757 quoque
1460 1699 1601 1742 voluit
1633 1699 1741 1742 Ver—

245 1772 397 1827 gilius.

304 1843 401 1885 Non
430 1846 580 1885 tamen
617 1842 730 1885 adeo
766 1847 813 1885 ut
852 1857 1033 1884 omnem
1070 1842 1439 1900 superstitionem
1477 1842 1737 1885 excusserit.

243 1914 404 1957 Inferis
434 1914 526 1957 Diis
551 1915 690 1970 justa,
716 1914 848 1956 solito
877 1913 931 1955 de
957 1929 1098 1961 more,
1131 1915 1286 1971 utique
1310 1913 1614 1971 persolvenda
1641 1928 1739 1956 esse

243 1990 412 2029 censet.
439 1985 613 2029 Sufficit
643 1986 856 2028 nimirum
885 1985 1013 2037 illud,
1045 2004 1064 2023 ‹<
1090 1985 1207 2028 Deos
1236 2000 1423 2043 poscere
1456 1985 1634 2027 veniam
1653 1986 1682 2039 ⁴2,
1717 2004 1735 2024 »

244 2062 287 2100 et
314 2073 590 2116 praecavere
620 2061 666 2099 ut
693 2057 948 2115 placentur,
981 2057 1018 2099 si
1046 2057 1213 2114 quibus
1254 2071 1412 2099 eorum
1445 2057 1637 2099 fortasse
1671 2057 1739 2099 vi-

242 2129 438 2172 duarum
467 2129 719 2171 constantia
747 2128 871 2170 cordi
901 2129 971 2171 sit.

299 2201 548 2258 Postquam
570 2215 678 2243 vero
702 2199 890 2242 Didonis
913 2200 1112 2241 animum
1131 2199 1263 2242 Anna
1285 2218 1304 2237 «
1332 2199 1462 2241 dictis
1479 2199 1694 2252 incendit,
1717 2218 1737 2240 »

244 2291 263 2311 «
295 2272 620 2330 labantemque
671 2271 805 2314 solvit
838 2270 1079 2329 pudorem,
1127 2289 1146 2309 »
1183 2271 1381 2313 rationes
1418 2286 1600 2329 quoque
1641 2286 1739 2314 mo-

242 2344 415 2402 dosque
457 2343 497 2386 ei
537 2343 851 2385 subministrat
880 2342 1047 2400 quibus
1082 2346 1284 2384 amatum
1310 2342 1495 2384 heroem
1535 2343 1581 2385 in
1617 2358 1739 2386 amo-

240 2430 337 2458 rem
367 2415 435 2457 sui
463 2414 664 2457 inducat.
697 2414 856 2456 Paucis
895 2414 1047 2471 itaque
1086 2413 1237 2455 verbis
1273 2414 1416 2456 sorori
1457 2413 1740 2457 demonstrat

240 2491 284 2529 et
310 2487 440 2545 quasi
468 2486 669 2528 delineat
690 2485 858 2543 quibus
880 2488 1034 2526 utatur
1056 2499 1303 2527 sermones.
1333 2484 1527 2528 Unicum
1550 2485 1737 2543 quidem

240 2559 279 2601 ei
319 2557 584 2616 suppeditat
616 2557 748 2599 Anna
794 2559 1133 2612 argumentum,
1178 2556 1257 2598 sed
1298 2556 1499 2598 breviter
1540 2557 1738 2600 ostendit

280 2719 308 2751 1.
332 2718 458 2755 1V,33,
489 2736 528 2740 ——
555 2717 639 2750 Male
673 2717 862 2747 Pssssnmmip
890 2719 920 2746 et
951 2715 1079 2755 quidam
1104 2716 1156 2746 alii
1181 2726 1186 2746 :
1218 2730 1230 2742 «
1259 2716 1329 2747 Nati
1351 2717 1462 2748 dulces
1490 2720 1564 2748 sunt
1595 2718 1738 2757 praemia

238 2766 387 2799 Veneris,
408 2779 423 2792 η
442 2767 528 2797 Bene
551 2765 671 2797 Hssxni'.
694 2764 879 2802 Aenezklea,
903 2766 923 2794 t.
948 2763 984 2796 ΙΙ,
1002 2773 1032 2803 p.
1056 2763 1116 2796 580
1136 2774 1142 2794 ε
1168 2780 1181 2791 «
1206 2764 1340 2795 Veneris
1364 2766 1505 2804 praemia
1523 2765 1551 2796 is
1574 2767 1632 2796 not
1652 2775 1734 2796 ano-

240 2814 318 2846 ther
336 2815 427 2854 form
452 2815 493 2853 of
508 2814 620 2844 dulces
642 2816 744 2845 natos,
767 2811 827 2842 bul
843 2821 864 2842 α
884 2810 1098 2842 substantive
1122 2811 1271 2853 llzoztyht
1292 2812 1452 2842 :neither
1474 2812 1642 2851 children,
1673 2822 1735 2843 nor

241 2861 492 2901 cheplvasn1·e.s
515 2862 557 2900 of
573 2859 655 2891 love.
681 2872 694 2885 ν
715 2860 790 2890 ltvm
816 2863 847 2889 et
869 2858 1027 2893 XVAGsem
1052 2858 1218 2895 Foanicnzffi
1244 2859 1390 2892 ssssmsr.

279 2909 308 2941 2.
332 2909 385 2949 lv,
407 2909 446 2940 50
467 2919 473 2941 :
494 2909 540 2940 Tu
559 2907 656 2939 modo
676 2916 773 2948 posce
791 2906 877 2938 Deos
899 2905 1064 2937 veniam...
