1889 3319
241 219 298 261 44
839 231 940 260 PARS
972 232 1110 261 Paion.

242 367 262 387 «
298 348 408 406 piat,
439 363 551 405 quas
578 348 840 405 reliquerat,
873 348 1130 406 habeatque
1156 347 1340 390 inferias
1360 361 1472 405 quas
1499 346 1723 388 habuerat

244 437 263 457 «
299 433 456 462 causas
496 420 666 461 mortis.
710 419 835 461 Tunc
870 420 992 477 ipsos
1026 419 1256 461 ministros
1289 417 1556 474 aggreditur
1591 431 1600 461 ;
1637 417 1723 459 sibi

242 508 261 528 «
299 490 484 547 quidem
530 491 590 532 ait
633 493 835 548 optatam
875 490 982 532 olim
1029 494 1237 543 mortem,
1282 489 1360 531 sed
1405 489 1494 531 illis
1536 488 1723 531 acerbos

239 580 258 600 «
296 561 521 603 cruciatus
549 565 593 603 et
619 561 718 603 dira
746 562 970 619 supplicia
994 561 1247 612 imminere,
1271 561 1349 618 qui
1365 560 1570 603 Acerbae
1593 573 1719 617 opes,

239 650 259 671 «
296 646 489 689 quarum
529 646 608 689 spe
644 632 936 689 parricidium
972 648 1049 674 rex
1080 632 1269 684 fecerat,
1301 632 1514 673 avaritiae
1543 630 1723 687 tyranni

239 721 259 742 «
296 702 615 745 subtraxerint.
645 705 738 745 Hoc
768 711 888 745 metu
923 703 1124 745 omnihus
1158 702 1344 759 injecto,
1375 703 1561 745 comites
1587 701 1722 756 fugae

241 792 260 812 «
296 774 502 831 accipit1.
542 791 562 812 »

296 844 422 897 Quae
462 847 624 887 cuncta
668 844 868 887 breviter
913 845 1180 888 contrahere
1222 860 1311 887 non
1351 845 1499 887 minus
1539 844 1722 886 difficile

235 915 436 971 Vergilio
471 916 645 967 fuisset,
677 930 814 973 quam
841 916 919 959 illa
944 918 1044 975 ipsa
1071 932 1186 974 quae
1215 915 1511 958 memoranda
1545 915 1681 970 elegit
1711 929 1720 960 :

462 1046 707 1080 Conveniunt
727 1045 871 1087 quibus
892 1049 960 1078 aut
979 1045 1111 1078 odium
1132 1045 1288 1078 crudele
1311 1045 1477 1086 tyranni,

461 1101 538 1132 Aut
559 1101 688 1131 metus
710 1106 796 1132 acer
814 1102 911 1138 erat,
929 1101 1000 1131 etc.

296 1212 386 1255 Cur
423 1212 563 1268 igitur
601 1213 688 1254 ista
726 1212 977 1254 omittenda
1015 1216 1189 1266 censet,
1234 1227 1317 1254 nec
1356 1212 1501 1254 ullum
1537 1213 1581 1254 in
1627 1212 1724 1269 ejus

234 1284 493 1326 narratione
534 1287 677 1326 exstat
716 1284 959 1339 vestigium
994 1284 1146 1336 istius,
1178 1287 1226 1325 ut
1253 1284 1315 1326 ita
1341 1283 1506 1336 dicam,
1544 1298 1725 1326 comoe-

236 1354 353 1406 diae,
395 1369 486 1412 qua
522 1369 604 1396 usa
641 1353 757 1396 Dido
803 1354 1148 1410 Pygmalionem
1185 1355 1400 1412 primum,
1447 1354 1611 1397 deinde
1650 1369 1725 1397 eos

236 1426 359 1484 ipsos
386 1426 501 1467 fallit
528 1441 640 1483 quos
677 1426 812 1481 fugae
847 1426 1033 1468 comites
1073 1425 1352 1475 destinabat,
1383 1441 1531 1484 neque
1559 1426 1652 1468 ulla
1678 1425 1728 1468 fit

237 1497 410 1539 Elissae
443 1496 783 1539 mendaciorum
813 1502 857 1539 et
887 1497 1060 1539 fraudis
1096 1498 1300 1539 mentio?
1333 1497 1428 1539 Nisi
1468 1498 1574 1554 quia
1613 1497 1727 1540 nihil

238 1567 425 1610 Didonis
465 1568 670 1610 fallaciae
713 1583 762 1609 ac
801 1567 1153 1610 dissimulationi
1188 1568 1390 1610 tribuere
1424 1569 1535 1621 vult,
1567 1582 1726 1610 verum

238 1642 379 1681 totam
406 1639 530 1681 illam
559 1654 657 1681 esse
686 1639 909 1681 sinceram
938 1644 981 1680 et
1007 1640 1267 1695 ingenuam,
1298 1643 1438 1682 totam
1475 1654 1725 1695 generosae

238 1710 419 1763 indolis,
459 1710 571 1752 nihil
613 1710 785 1753 habere
829 1710 980 1756 callidi
1018 1714 1060 1752 et
1096 1711 1373 1763 veteratorii,
1417 1711 1529 1753 nihil
1577 1729 1597 1750 «
1642 1710 1726 1753 Pu-

238 1782 326 1824 nici
356 1783 375 1822 ζ)
406 1800 425 1821 ))

298 1853 437 1910 Atqui
466 1868 554 1895 11011
584 1853 729 1915 solum
759 1868 810 1894 ex
834 1852 920 1894 hoc
948 1868 1130 1910 quoque
1159 1853 1258 1894 loco
1287 1854 1453 1896 eminet
1488 1853 1563 1895 1116
1598 1853 1728 1896 favor

239 1940 328 1983 quo
352 1924 573 1966 Didonem
594 1924 824 1979 Vergilius
847 1924 1088 1981 complecti
1108 1924 1218 1965 mihi
1240 1923 1419 1966 videtur
1435 1925 1446 1945 Ξ
1469 1951 1524 1955 —
1551 1924 1669 1981 (uam
1693 1925 1729 1966 si

239 1995 350 2054 quid
383 1996 421 2037 ei
461 1995 606 2038 dolosi
640 1999 774 2053 poeta
812 1996 961 2038 inesse
995 1995 1228 2047 voluisset,
1259 1999 1384 2037 tanto
1419 1996 1564 2051 magis
1594 2010 1729 2038 excu-

240 2067 430 2120 sandus,
462 2071 586 2109 tanto
626 2067 774 2108 minus
813 2066 997 2108 odiosus
1037 2066 1160 2108 visus
1198 2066 1358 2108 fuisset
1395 2081 1495 2108 eam
1531 2066 1729 2109 derelin-

243 2153 386 2196 quens
413 2138 625 2195 Aeneas),
657 2165 713 2169 —
741 2137 820 2180 sed
861 2139 996 2180 etiam
1034 2137 1139 2179 inde
1173 2138 1302 2195 quasi
1342 2138 1526 2196 oblique
1562 2139 1731 2196 petitur

243 2211 328 2252 alia
370 2209 595 2267 quaedam
641 2209 947 2267 praeparandi
994 2208 1182 2251 Didonis
1229 2210 1273 2250 in
1313 2209 1515 2251 Aeneam
1562 2210 1730 2252 amoris

243 2282 373 2323 ratio.
404 2280 577 2338 Nempe
607 2280 719 2322 illud
746 2281 925 2338 quaerit
955 2279 1183 2334 Vergilius
1217 2284 1265 2322 ut
1293 2281 1435 2322 multo
1464 2281 1733 2323 muliebrior

246 2353 321 2405 sit,
353 2378 408 2383 —
436 2353 471 2394 si
496 2352 660 2393 dixisse
689 2353 815 2403 licet,
847 2378 902 2382 ——
931 2351 1046 2393 Dido
1085 2366 1166 2393 sua
1193 2366 1329 2409 quam
1355 2351 1562 2394 fabulosa
1592 2351 1728 2405 Dido,

246 2438 335 2481 quo
364 2424 508 2479 magis
546 2423 805 2465 verisimilis
837 2423 1046 2464 videatur
1086 2423 1322 2480 magisque
1363 2423 1510 2465 vivide
1548 2423 1734 2481 depingi

242 2496 390 2553 ‚possit
416 2496 577 2550 iugens
616 2494 710 2547 ille,
743 2510 832 2551 quo
865 2494 910 2535 in
938 2494 1141 2536 Aeneam
1175 2495 1367 2552 rapitur,
1400 2509 1540 2536 amor.
1588 2494 1734 2547 Quae-

248 2581 442 2624 cumque
489 2567 627 2621 igitur
667 2565 790 2623 apud
840 2569 1017 2606 veteres
1066 2565 1302 2607 historicos
1354 2566 1557 2607 mulieris
1607 2569 1736 2607 erant

251 2652 406 2680 sexum
434 2637 624 2679 nimium
653 2636 956 2691 egredientis,
1005 2636 1227 2692 neglegit3
1258 2636 1337 2678 illa
1363 2636 1547 2678 demum
1582 2651 1604 2678 e
1642 2641 1736 2678 tra-

292 2767 321 2799 1.
346 2767 462 2798 Narrat
481 2767 565 2797 idem
588 2770 698 2798 auctor
719 2767 874 2797 Didonem
905 2766 1000 2806 Cypri
1023 2766 1124 2797 obiter
1144 2766 1356 2806 quadraginta
1376 2767 1519 2806 virgines
1539 2766 1736 2807 abrIpuisse,

252 2819 282 2846 et
302 2825 408 2846 secum
429 2816 617 2853 abduxisse,
640 2815 744 2855 Tyriis
777 2816 844 2845 suis
873 2814 1052 2844 nubeudas⁸
1075 2813 1200 2853 (xviii,
1221 2814 1268 2853 5.)
1287 2831 1326 2836 -—
1349 2813 1394 2845 Cf.
1421 2814 1459 2844 de
1480 2815 1627 2845 Astartes
1644 2814 1735 2853 deae,

252 2873 386 2903 quacum
408 2863 489 2893 Dido
509 2873 527 2893 a
548 2862 869 2901 Carthaginiensibus
890 2861 1156 2897 confundebatur,
1181 2861 1321 2891 Pinarum
1345 2865 1375 2892 et
1395 2861 1527 2898 JORDAN,
1550 2861 1643 2892 Rom.
1666 2862 1738 2902 My-

254 2909 350 2946 thol„
374 2910 411 2950 ΙΙ,
432 2909 503 2942 406.

295 2958 323 2990 2.
351 2957 396 2989 Cf.
421 2967 529 2997 supra,
552 2967 583 2997 p.
603 2956 652 2994 41,
677 2966 707 2988 n.
733 2957 759 2987 1.
