1889 3319
705 211 832 242 CAPUT
867 215 1063 243 TERTlUM.
1546 203 1629 244 127⁴

205 327 321 381 Quin
351 327 486 369 etiam
515 342 568 370 ea
586 328 687 385 ipsa
707 329 836 371 nitidi
865 333 1048 372 ornatus
1074 330 1332 388 appetentia
1355 345 1490 373 causa
1511 346 1628 374 mor-

142 400 197 442 tis
223 399 376 441 futura
402 401 483 440 est.
512 397 625 441 Cum
654 400 801 441 enim¹
831 401 889 442 ab
918 401 1145 443 Amazone
1182 402 1458 459 prospicitur
1491 402 1627 445 Chlo-

142 484 262 522 reUS,
303 469 531 526 Phrygius
574 470 769 526 Cybelae
811 472 1044 525 sacerdos,
1087 487 1220 515 aurea
1263 473 1440 515 cassida
1481 474 1627 531 capite

142 544 302 594 tectus,
333 555 493 583 crocea
520 540 759 598 chlamyde
786 542 988 595 indutus,

554 652 757 694 peregriua
778 653 972 695 ferrugine
993 654 1121 687 clarus
1138 658 1175 688 et
1195 658 1312 695 ostrO,

390 705 518 748 pictus
537 713 609 738 acu
631 706 785 739 tunicas
810 710 847 740 et
866 708 1030 740 barbara
1051 708 1223 749 tegmina
1243 717 1417 748 crurum;

143 804 252 844 tunc
280 801 485 858 virginis,
519 820 539 841 «
569 801 794 844 barbarae
826 820 845 841 »
876 803 1214 860 quodammodo
1242 807 1285 846 et
1311 804 1470 862 ipsius,
1508 804 1627 846 oculi

142 876 266 916 tanto
292 873 471 930 fulgore
499 875 715 931 tantaque
749 873 928 916 luxuria
953 875 1375 932 praestringuntur,
1407 890 1457 917 ac
1484 876 1626 934 proti-

142 958 226 986 nus
258 962 276 983 «
305 944 501 986 femineo
534 944 732 1001 praedae
767 948 811 986 et
844 945 1095 1003 spoliorum
1132 960 1285 988 amore
1317 964 1336 985 »
1371 946 1626 988 inflamma-

142 1017 228 1066 tur,
265 1015 357 1058 sive
394 1018 442 1057 ut
479 1015 662 1073 templis
703 1015 886 1058 hostilia
927 1031 1053 1058 arma
1100 1016 1297 1073 defigat,
1343 1018 1435 1059 sive
1476 1018 1624 1075 potius

142 1104 163 1126 «
194 1087 373 1145 captivo
398 1104 418 1125 »
442 1089 491 1128 ut
519 1101 565 1129 se
592 1086 706 1129 ferat
732 1087 776 1129 in
801 1102 927 1139 auro,
954 1091 1301 1145 exoptatamque
1320 1088 1540 1146 praedam
1559 1089 1625 1130 in-

139 1157 285 1210 hians,
315 1160 460 1200 totum
488 1172 572 1216 per
597 1172 763 1213 agmen
790 1159 972 1200 incauta
999 1159 1219 1216 sequitur.

197 1228 245 1271 In
272 1229 358 1290 hoc
385 1228 582 1287 denique
625 1244 651 1270 a
687 1227 877 1272 Camilla
904 1229 1182 1287 peculiarem
1219 1230 1462 1272 mulierum
1496 1230 1624 1272 indo-

136 1300 227 1342 lem
254 1300 414 1343 referri
441 1300 583 1343 voluit
610 1299 856 1356 Vergilius,
892 1300 1015 1358 quod
1042 1301 1188 1342 inanis
1214 1301 1386 1356 gloriae
1423 1301 1623 1359 cupidis-

137 1372 265 1424 sima,
297 1372 383 1414 sihi
411 1372 600 1414 nimium
628 1371 840 1423 confidat,
864 1386 1010 1429 neque
1038 1372 1210 1414 viribus
1230 1372 1321 1413 suis
1343 1387 1425 1414 nec
1442 1372 1622 1414 fortuna

135 1442 375 1485 indubitet.
408 1441 587 1501 Quippe
615 1457 731 1500 quae
763 1461 782 1481 «
810 1442 989 1500 prz'ma‘*
1021 1443 1218 1501 »cupiat
1247 1457 1256 1486 :
1482 1431 1485 1436 ¹

755 1556 909 1587 tentare
932 1554 1099 1595 pericula
1119 1554 1221 1593 belli,

401 1608 476 1640 sola
488 1616 562 1650 que
583 1607 798 1650 Tyrrhenos
821 1607 973 1648 equites
994 1608 1050 1641 ire
1067 1608 1180 1640 obvia
1200 1611 1334 1641 contra
1346 1609 1371 1641 ³.

193 1705 345 1748 Turno
373 1719 554 1762 quoque
582 1703 669 1763 ipsi
696 1718 798 1746 cum
833 1704 1032 1762 superba
1066 1704 1364 1762 praecisaque
1396 1704 1617 1747 brevitate

131 1776 356 1835 imperat⁴
383 1779 432 1818 ut
459 1793 479 1815 «
509 1775 650 1834 pedes
677 1775 735 1817 ad
762 1789 916 1817 muros
944 1775 1162 1819 subsistat
1191 1793 1210 1814 »
1241 1778 1286 1818 et

709 1887 863 1920 moenia
885 1889 1022 1920 servet.

189 1984 527 2041 Tyrrhenorum
557 1983 696 2039 igitur
723 1986 906 2025 strenuo
928 1982 1032 2025 duci
1060 1982 1282 2025 secundas
1305 1983 1435 2040 quasi
1460 1986 1613 2040 partes

128 2055 468 2113 ingloriumque
506 2054 712 2096 laborem
751 2053 930 2106 indicit;
972 2053 1059 2095 sibi
1108 2069 1216 2096 vero
1257 2054 1345 2111 ipsi
1385 2054 1612 2096 difficilius

128 2140 242 2184 opus
280 2126 644 2183 nobilioremque
683 2125 964 2182 provinciam
1003 2124 1218 2168 vindicat.
1262 2125 1355 2167 Nec
1394 2125 1488 2167 sine
1517 2140 1613 2167 cor-

125 2198 327 2240 rectione
371 2197 570 2256 quadam
610 2196 762 2239 Turno
806 2195 1093 2254 approbatur
1137 2196 1216 2238 illa
1260 2196 1396 2254 paulo
1436 2196 1611 2253 jactan-

125 2269 214 2312 tior
240 2268 432 2312 audacia
447 2269 482 2322 ⁵;
514 2282 619 2310 nam
641 2268 849 2326 quamvis

496 2379 628 2413 oculos
648 2378 841 2412 horrenda
861 2379 902 2412 jn
921 2378 1071 2420 virgine
1092 2378 1208 2419 fixus,

124 2492 234 2535 fibula
255 2494 323 2524 sive
343 2503 401 2524 acu
417 2493 528 2524 crinali
551 2493 749 2530 feminarum,
773 2493 846 2523 vide
864 2492 1033 2528 Fonssiossfz,
1057 2491 1173 2522 Hellas
1193 2501 1227 2522 u.
1250 2492 1360 2527 Rom,
1382 2492 1404 2530 l,
1434 2492 1460 2530 1,
1482 2501 1512 2531 p.
1535 2491 1606 2524 325.

123 2541 227 2572 Aliter
245 2544 349 2571 tamen
371 2541 526 2571 censebat
546 2540 691 2571 DONATUS
712 2540 808 2580 (apud
827 2540 970 2578 ssswom)
988 2549 995 2570 :
1013 2553 1026 2567 «
1047 2540 1163 2569 Donat
1177 2548 1361 2579 remarqzce
1381 2549 1445 2580 qne
1466 2538 1543 2569 c'est
1563 2549 1607 2569 nn

122 2589 298 2618 ornement
319 2587 412 2625 viril,
435 2589 468 2618 et
484 2597 552 2618 non
571 2596 617 2617 un
638 2586 731 2629 objet
758 2588 800 2617 (le
825 2586 859 2617 la
887 2586 1020 2617 toilet‘te
1039 2586 1203 2626 feminine
1227 2586 1288 2626 qui
1310 2586 1435 2617 retient
1461 2585 1509 2616 les
1529 2586 1609 2616 chre.-

121 2644 211 2667 veux
230 2634 271 2666 de
292 2634 328 2666 la
343 2635 451 2676 jezme
472 2635 660 2676 querriere.
686 2647 699 2661 η
723 2634 769 2665 Cf.
796 2635 878 2671 Liv.,
900 2633 1051 2671 XXXIX,
1071 2643 1156 2671 xxxi,
1178 2633 1263 2673 apud
1287 2633 1481 2665 Foncnrmm.

163 2683 194 2715 1.
218 2683 302 2714 Aen.
323 2683 379 2722 XI,
400 2681 552 2714 768-784.

163 2730 194 2762 2.
216 2730 298 2762 Aen.
320 2730 379 2768 XI,
397 2730 469 2761 505.

162 2777 194 2810 3.
219 2778 302 2809 Aen.
324 2777 380 2815 XI,
399 2777 471 2809 504.

162 2824 517 2904 g,?123d{15’5??fg{153
539 2875 614 2903 sunt
645 2872 729 2912 apud
760 2872 903 2909 Qumrmi
926 2870 1148 2901 Penthesileam
1174 2870 1316 2911 superba
1339 2871 1448 2909 verba,
1478 2870 1606 2901 Priamo

123 2919 278 2950 audacter
297 2920 480 2961 pollicentis
501 2920 650 2952 facillime
672 2920 739 2950 fore
760 2922 793 2950 ut
812 2928 830 2950 a
851 2928 884 2949 se
904 2918 998 2958 Troja
1019 2920 1178 2948 servetur.
