1889 3319
688 197 816 226 CAPUT
850 195 1025 225 SEXTUM.
1517 180 1595 222 151

116 313 290 357 invisus
325 313 492 355 invitae
532 312 711 371 puellae
745 317 902 371 raptor
939 312 1099 355 lectori
1125 314 1376 369 reputetur.
1408 309 1472 352 Ea
1499 324 1602 352 con-

116 388 188 428 tra
235 384 458 429 industria
490 383 722 439 Vergilius
763 383 904 426 verba
938 398 1019 426 sua
1058 386 1101 426 et
1130 382 1268 438 elegit
1303 384 1347 423 et
1379 380 1603 439 disposuit

119 459 163 500 et
188 456 320 515 quasi
355 455 628 513 temperavit
666 458 716 497 ut
742 454 931 497 Lavinia
957 455 1001 496 in
1034 454 1237 496 Aeneam
1273 467 1329 494 ne
1369 451 1602 493 minimam

55 554 57 556 ·
117 526 305 585 quidem
332 525 423 568 odii
451 526 651 584 speciem
680 540 788 584 prae
819 540 864 567 se
893 526 1053 577 ferret,
1091 538 1310 581 suamque
1355 537 1465 577 erga
1491 522 1603 564 Tur-

115 612 224 641 num
252 597 646 640 benevolentiam¹
677 597 870 639 maxime
899 597 1246 653 circumspecta,
1278 598 1504 650 tectaque,
1531 593 1601 634 vel

117 669 274 722 etiam,
306 672 354 710 ut
392 668 614 721 vidimus,
645 668 834 726 paulum
874 667 1093 723 ambigua
1130 665 1412 708 confessione
1442 664 1603 706 leviter

116 739 433 783 tantummodo
478 739 682 795 detegat,
739 743 783 781 et
827 738 1085 781 subindicet
1129 738 1279 795 potius
1322 750 1458 793 quam
1500 749 1604 776 vere

116 811 328 853 fateatur.
364 809 452 853 Dat
483 811 622 866 igitur
655 810 787 852 nobis
816 814 952 868 poeta
978 823 1135 851 ausam
1165 807 1223 850 ad
1250 806 1602 862 conjiciendum,

116 881 242 924 illam
281 881 428 924 Latini
470 881 588 924 filiae
630 881 674 924 in
726 881 1000 923 Rutulorum
1040 893 1198 935 regem
1237 878 1607 920 benevolentiam

117 953 299 995 nonnisi
324 953 472 995 levem
502 968 600 996 esse
628 956 903 1010 tenuemque
934 957 977 994 et
1013 951 1083 993 vix
1119 949 1382 992 inchoatum
1412 949 1607 1005 junioris

118 1023 258 1067 animi
284 1024 444 1082 suique
472 1024 615 1082 ipsius
642 1023 772 1066 inscii
802 1023 1045 1076 adfectum,
1065 1022 1143 1080 qui
1171 1020 1356 1079 quidem
1379 1019 1608 1062 radicibus

117 1109 208 1137 non
235 1095 369 1137 altius
406 1096 518 1138 actis
548 1095 676 1137 brevi
716 1094 978 1152 dilapsurus
1022 1094 1100 1145 sit,
1137 1096 1381 1151 postquam
1420 1090 1611 1133 Lavinia

117 1166 300 1209 victoris
332 1166 500 1220 herois,
528 1166 783 1224 illustrique
813 1170 856 1208 et
885 1180 1031 1223 paene
1061 1163 1214 1206 divina
1240 1163 1387 1218 gloria
1415 1162 1607 1204 circum-

119 1236 230 1291 fusi,
261 1237 476 1296 regisque
504 1252 575 1280 e«
612 1236 844 1295 praedone
882 1254 901 1275 »
943 1239 987 1278 et
1025 1235 1179 1278 exsule
1216 1234 1344 1287 facti,
1388 1232 1612 1274 honestis-

122 1308 236 1351 simo
265 1308 478 1365 conjugio
506 1308 766 1351 laetabitur.

179 1379 393 1422 Attamen
421 1380 602 1421 Aeneae
628 1378 814 1436 quidem
838 1378 1077 1420 utilitatem
1094 1380 1137 1419 et
1155 1375 1359 1418 omnium
1387 1374 1609 1433 poematis

121 1451 322 1509 partium
357 1451 487 1509 quasi
527 1450 819 1493 concordiam
848 1455 891 1492 et
927 1448 1310 1506 conspirationem
1349 1446 1609 1504 respicienti

121 1521 268 1564 videri
293 1525 464 1580 potest,
503 1521 720 1581 concedo,
753 1521 914 1564 melius
954 1520 1158 1562 futurum
1196 1518 1335 1560 fuisse
1365 1518 1402 1559 si
1432 1517 1609 1559 nullum

121 1592 305 1635 omnino
357 1597 636 1636 secretorum
687 1592 899 1635 Laviniae
946 1604 1160 1633 sensuum
1209 1588 1426 1632 traditum
1478 1588 1609 1630 nobis

120 1663 281 1706 fuisset
300 1664 542 1717 indicium,
574 1664 918 1722 disceptamque
953 1662 1073 1704 bello
1102 1660 1257 1720 puella
1283 1660 1431 1702 neutri
1460 1674 1505 1701 se
1530 1674 1609 1717 po-

120 1734 209 1777 tius
247 1735 400 1778 favere
441 1735 764 1791 significasset,
815 1737 1025 1776 neutrum
1075 1732 1409 1789 anteposuisset
1454 1730 1605 1782 alteri,

123 1820 317 1864 cumque
359 1821 520 1850 serena
557 1806 756 1864 quadam
796 1806 864 1847 sui
903 1805 1045 1862 ipsius
1072 1803 1364 1860 neglegentia
1395 1805 1610 1844 venturos

123 1881 429 1935 exspectasset
473 1881 678 1920 eventus.
715 1877 894 1920 Etenim
920 1877 965 1918 in
996 1875 1080 1917 hac
1119 1873 1341 1932 poematis
1382 1872 1438 1914 ad
1474 1871 1610 1914 finem

122 1949 351 2004 vergentis
389 1953 545 2007 parte,
592 1963 792 2001 summa,
842 1952 890 1990 ut
936 1947 1113 2005 opinor,
1150 1944 1389 2000 diligentia
1427 1943 1611 1985 vitanda

123 2018 251 2061 fuere
305 2034 620 2078 quaecumque
676 2020 747 2062 vel
795 2018 1022 2062 tantulum
1068 2015 1266 2059 invidiae
1311 2015 1492 2057 Aeneae
1534 2029 1611 2072 pa-

124 2094 279 2133 rarent
299 2091 327 2133 ².

187 2160 276 2204 Cur
295 2165 447 2205 autem
473 2162 588 2205 illud
627 2162 682 2204 de
711 2161 919 2215 Lavinia,
960 2159 1082 2219 quod
1117 2159 1298 2201 Aeneae
1329 2158 1613 2216 aliquantum

127 2247 293 2275 nocere
315 2237 487 2291 posset,
513 2233 678 2276 dixisse
706 2232 961 2288 Vergilium
984 2229 1284 2274 arbitremur?
1310 2228 1380 2271 An
1408 2229 1613 2271 consulto

130 2318 234 2346 eum
253 2304 415 2347 fecisse
445 2304 700 2357 credamus,
733 2319 822 2362 quo
850 2304 995 2359 magis
1024 2304 1201 2361 pateret
1232 2301 1277 2342 in
1306 2300 1402 2342 solo
1429 2300 1614 2342 numine

129 2373 330 2418 Deorum
378 2376 472 2418 fata
521 2376 671 2418 herois
715 2376 1026 2418 Romanorum
1073 2372 1319 2415 conditoris
1369 2375 1413 2413 et
1457 2370 1617 2428 proavi

129 2446 269 2489 fuisse
303 2448 465 2505 posita,
492 2462 582 2489 non
609 2448 654 2489 in
686 2447 897 2489 humanis
926 2445 1197 2496 adfectibus,
1228 2444 1290 2485 ita
1323 2446 1371 2485 ut
1405 2442 1518 2484 1111111
1545 2456 1616 2483 re-

129 2518 269 2560 ferret
306 2521 459 2561 utrum
496 2518 652 2561 volens
680 2533 735 2561 an
762 2518 922 2560 nolens
951 2515 1228 2559 destinatum
1259 2514 1346 2558 sibi
1373 2528 1399 2556 a
1428 2512 1616 2572 Superis

172 2706 202 2740 1.
226 2707 314 2738 Bene
332 2706 510 2738 Voismffla:
534 2719 548 2735 α
564 2705 755 2744 <Laminie
769 2708 809 2742 >
829 2703 885 2736 ⁷z’a
901 2704 1002 2746 point
1024 2702 1064 2735 de
1085 2703 1289 2743 repugnance
1310 2711 1401 2743 pour
1424 2702 1571 2734 Turnus.
1602 2715 1616 2731 υ

133 2755 248 2796 (Essai
266 2764 327 2785 sur
347 2753 382 2785 la
398 2755 511 2794 poe'sie
531 2754 666 2795 e‘piqzce,
690 2752 795 2793 1733.)

174 2802 204 2834 2.
229 2802 263 2832 In
292 2811 348 2832 sex
376 2801 547 2841 postremis
572 2800 728 2831 Aeneidis
761 2800 852 2830 libris
879 2800 908 2830 iu
941 2799 1082 2829 Aeneam
1114 2797 1219 2827 minus
1240 2806 1333 2837 quam
1356 2797 1386 2827 in
1408 2797 1479 2837 ejus
1509 2796 1619 2828 hostes

133 2849 306 2890 legentium
329 2850 467 2879 favorem
489 2858 633 2887 vergere,
651 2847 779 2887 saepius
798 2850 846 2878 est
863 2846 1132 2877 auiumdersum.
1156 2843 1204 2875 Cf.
1225 2854 1252 2876 6.
1274 2854 1304 2884 g.
1326 2843 1497 2884 Voimuns,
1520 2843 1619 2875 Essai

134 2906 196 2927 sur
213 2896 247 2928 la
269 2897 383 2927 I’oe'sz'e
402 2896 522 2937 όμὶᾳιιι]
539 2895 656 2935 (17:33).
