1889 3319
269 193 352 237 150
823 208 924 239 PARS
957 208 1199 240 Posrrmon.

327 324 478 378 Quare
505 329 657 368 autem
685 325 970 379 erubescat¹,
1000 325 1206 384 quaestio
1235 339 1332 368 esse
1359 327 1523 383 potest.
1553 325 1623 368 An
1651 326 1759 384 quia

264 395 406 453 pudet
433 396 656 453 virginem
684 411 731 440 se
754 397 897 440 solam
926 397 1086 440 victori
1115 396 1316 449 cuilibet,
1347 395 1455 438 velit
1468 396 1599 451 nolit,
1628 412 1759 455 prae-

264 466 369 509 dam
385 466 721 511 destinari?An
745 469 867 527 quia,
886 472 1127 527 praesente
1157 482 1341 526 SponSO,
1361 467 1625 526 nuptiarum
1652 483 1758 512 sua-

262 552 365 580 rum
392 539 562 581 mentio
589 539 709 581 facta
735 540 867 582 est2?
894 539 979 582 Vel
1014 539 1201 582 tandem
1241 538 1364 597 quod
1397 565 1453 569 —
1492 539 1623 581 sicuti
1664 540 1760 582 vult

264 607 470 663 Servius,
500 636 555 640 —
590 610 903 653 denuntiatam
939 626 965 653 a
1004 614 1147 653 matre
1187 611 1255 654 sui
1295 610 1438 668 ipsius
1483 625 1645 653 necem
1683 611 1757 668 pie

262 679 399 731 dolet,
432 695 571 739 seque
603 700 622 721 «
653 696 839 724 causam
879 682 987 724 mali
1025 683 1137 724 tanti
1180 700 1199 721 »
1244 681 1407 724 acerbe
1454 683 1753 739 reputatw...

262 751 440 794 Turnus
468 767 576 795 vero
604 753 852 796 arbitratur
880 755 942 796 sic
967 769 991 795 a
1014 752 1203 795 Lavinia
1232 752 1455 794 declarari
1484 767 1612 794 suani
1648 767 1758 808 erga

261 822 413 880 ipsum
441 824 722 867 voluntatem
739 825 780 877 ¹²,
813 840 961 883 neque
991 839 1072 866 nos
1107 824 1274 866 infitias
1302 824 1367 866 ire
1389 838 1633 882 possumus
1650 824 1758 882 quin

261 909 370 936 vera
398 895 497 951 ejus
526 896 789 952 conjectura
816 897 888 949 sit,
920 911 1023 939 cum
1052 910 1157 938 eum
1184 896 1303 938 inter
1335 894 1552 938 Laviniae
1593 909 1756 954 procos

261 980 419 1008 omnes
446 982 537 1008 non
566 967 714 1010 solum
740 968 1039 1010 fortissimum
1075 982 1195 1017 esse,
1239 966 1319 1009 sed
1359 971 1403 1009 et
1447 985 1466 1005 «
1500 966 1756 1025 pulcherri-

262 1050 387 1078 mum
405 1038 418 1059 ⁵
438 1057 457 1077 »
476 1037 707 1094 Vergilius
723 1039 820 1097 ipse
839 1042 1036 1092 moneat,
1056 1038 1555 1096 dignumqueprofecto
1574 1037 1754 1091 efficiat,

264 1107 342 1165 qui
370 1109 523 1164 regiae
551 1109 731 1167 placeat
758 1111 939 1166 virgini.
969 1136 1025 1141 -——
1053 1110 1211 1168 Neque
1236 1109 1372 1152 etiam
1399 1108 1645 1167 prohibent
1668 1109 1758 1151 col-

262 1178 354 1221 lata
382 1195 484 1222 cum
508 1181 594 1223 isto
621 1181 838 1224 Aeneidis
874 1182 972 1224 loco
1010 1186 1250 1240 poetarum
1285 1181 1478 1223 aliorum
1515 1180 1680 1222 similia
1710 1181 1755 1222 in

263 1250 488 1293 similibus
522 1253 838 1295 occasionibus
877 1253 1063 1306 verbass,
1108 1253 1353 1311 quominus
1394 1252 1546 1294 Turno
1589 1251 1755 1294 adsen-

259 1321 438 1375 tientes,
470 1323 607 1366 talein
636 1324 759 1382 apud
787 1325 998 1382 antiquos
1027 1325 1254 1367 subfuisse
1281 1323 1518 1366 credamus
1547 1323 1752 1379 virgineo

264 1411 283 1432 «
313 1393 470 1436 rubori
502 1413 520 1433 »
552 1410 752 1448 sensum,
784 1396 968 1454 qualem
997 1396 1073 1438 ille
1102 1396 1246 1438 laetus
1269 1395 1539 1438 existiniat7.

317 1464 455 1521 Ergo,
485 1465 688 1522 Vergilio
725 1467 921 1521 volente,
952 1467 1139 1510 Lavinia
1167 1467 1391 1519 Turnum,
1423 1481 1511 1508 non
1548 1466 1751 1509 Aeman]

257 1541 394 1589 amat,
426 1537 496 1579 cui
525 1542 676 1580 tamen
704 1539 747 1580 in
771 1542 1005 1597 posterum
1034 1542 1294 1581 reservatur
1322 1553 1447 1591 uxor,
1474 1543 1515 1580 et
1543 1538 1605 1579 sic
1632 1537 1750 1580 Deos

258 1608 339 1653 scit
367 1608 639 1652 decrevisse.
669 1610 818 1668 Atque
856 1610 970 1653 illud
1016 1613 1171 1653 notatu
1212 1609 1531 1665 dignissimum
1565 1623 1744 1663 censeo,

255 1679 301 1721 in
329 1695 420 1737 quo
442 1694 467 1722 a
486 1682 709 1738 poematis
737 1682 874 1723 totius
903 1682 1138 1740 proposito
1163 1681 1326 1723 iterum
1363 1680 1617 1733 deflexisse,
1651 1679 1747 1722 lau-

254 1749 440 1808 datique
494 1751 645 1794 herois
692 1753 898 1796 utilitatis
952 1752 1101 1795 denuo
1154 1752 1346 1794 oblitum
1398 1753 1535 1795 fuisse
1590 1750 1746 1807 Vergi-

253 1821 362 1863 liuni
392 1822 500 1864 inihi
529 1823 722 1865 videtur.

310 1893 410 1935 Non
432 1895 636 1952 profecto
664 1895 785 1952 quod
816 1896 859 1937 in
888 1896 1003 1938 illud
1031 1896 1190 1938 vitiuni
1218 1896 1280 1937 ibi
1299 1894 1528 1947 inciderit,
1553 1895 1596 1936 in
1621 1894 1744 1952 quod

250 1964 518 2007 incidissent
546 1966 645 2021 ejus
676 1968 1027 2025 vituperatores,
1066 1972 1116 2010 ut
1155 1966 1525 2009 animadversum
1566 1970 1632 2008 est
1672 1980 1744 2008 su-

249 2050 333 2093 pra
349 2036 361 2057 ⁸
382 2052 389 2088 ;
417 2052 564 2094 neque
594 2039 713 2079 enini
736 2037 971 2080 Laviniani
992 2042 1117 2081 tanto
1145 2038 1284 2080 Tul-ni
1307 2053 1461 2080 ainore
1487 2037 1742 2093 deflagrare

248 2107 376 2161 fecit,
420 2114 467 2150 ut
507 2110 707 2152 Aenean]
759 2110 834 2151 illa
885 2125 1042 2152 rursus
1089 2110 1257 2154 oderit.
1311 2111 1581 2167 Aeneasque
1629 2122 1739 2163 ergo

291 2253 320 2284 1.
343 2254 451 2285 ΙΙΕΥΝΕ
473 2265 479 2286 :
504 2269 518 2284 «
544 2256 714 2288 Praeclare
740 2258 776 2289 τὸ
805 2249 880 2297 ἦθος
906 2258 934 2288 in
962 2258 1087 2297 virgine
1121 2260 1295 2288 servatum.
1339 2257 1507 2288 Erubescit
1532 2257 1607 2294 illa;
1641 2256 1738 2287 animi

248 2310 346 2333 sensa
367 2312 428 2333 11011
451 2303 625 2344 eloquitur.
651 2318 664 2330 1»

287 2350 318 2380 2.
343 2350 396 2381 Sic
415 2350 542 2390 judicat
563 2352 671 2383 Herse
697 2362 703 2382 :
724 2366 737 2380 «
761 2353 838 2383 Nam
860 2353 898 2383 (16
924 2363 1031 2384 amore
1053 2353 1226 2394 Lariuffle,
1248 2353 1279 2383 in
1304 2356 1408 2384 utrum
1439 2353 1492 2384 illa
1518 2353 1622 2383 animo
1645 2352 1737 2382 incli—

244 2400 348 2436 naret,
374 2397 453 2428 nihil
470 2409 604 2438 usquam
629 2403 722 2440 poeta
743 2400 896 2431 meminit.
921 2413 936 2427 »

284 2443 315 2476 3.
333 2444 378 2475 lta
402 2444 546 2476 Sssuvirs.

286 2491 316 2523 4.
339 2494 421 2524 Aen.
443 2492 513 2531 XII,
536 2493 587 2524 ΤΟ.

283 2539 313 2572 5.
336 2543 419 2572 Aen.
447 2540 514 2580 Vll,
535 2542 575 2572 55
596 2551 666 2583 sqq.
692 2553 698 2573 :

664 2620 743 2646 Petit
759 2624 825 2647 ante
843 2620 915 2648 alios
932 2621 1168 2655 pulcherrimus
1188 2628 1288 2648 omnes

662 2662 792 2696 Turnus,
808 2664 876 2689 avis
890 2664 1051 2697 atavisque
1063 2666 1184 2698 potens,
1198 2667 1251 2690 ete.

276 2729 307 2761 6.
330 2729 377 2761 Cf.
401 2731 604 2764 Apouoximi
625 2733 655 2764 iu
679 2734 937 2775 Ανροηαιιίἱσιέ,
958 2734 982 2772 1,
1004 2734 1064 2773 70;
1087 2734 1138 2774 Ill,
1160 2734 1309 2772 722-725,
1325 2733 1403 2773 963,
1423 2734 1477 2765 ubi
1499 2734 1598 2765 rubor
1619 2734 1729 2765 itidem

235 2776 434 2818 Hypsipylae
456 2780 605 2819 primum,
629 2781 746 2812 deinde
768 2782 912 2820 Medeae,
934 2792 1071 2813 amorem
1095 2784 1261 2823 utriusque
1282 2791 1358 2823 erga
1377 2782 1526 2814 Jasonem
1547 2782 1725 2814 denuntiat.

274 2824 304 2858 7.
330 2826 407 2856 1111111
431 2828 562 2858 nimium
585 2829 673 2868 justu
697 2830 871 2869 amplificat
897 2840 1074 2870 anonymus
1102 2833 1195 2870 poeta
1224 2830 1380 2866 Anthol.
1411 2829 1487 2865 lah,
1518 2830 1622 2867 Riese,
1647 2832 1669 2861 t.
1700 2829 1723 2868 Ι,

234 2881 266 2912 p.
291 2873 348 2904 167
371 2878 421 2913 (110
442 2874 515 2914 24¹1)
534 2885 539 2905 :
564 2889 577 2903 «
602 2876 685 2909 Te...
705 2876 837 2917 (Turne)
860 2877 1046 2908 lacrimans
1067 2878 1199 2908 Lavinia
1224 2878 1314 2918 virgo
1336 2878 1495 2919 requirit.
1518 2890 1532 2904 ι»

275 2920 306 2952 8.
333 2921 368 2953 Ρ.
397 2921 546 2954 ’114-116.
