1889 3319
204 173 259 214 90
804 188 903 216 PARS
937 189 1074 217 Paion.
1098 225 1100 228 Ι

200 301 275 357 jus
303 316 329 344 a
355 317 401 345 se
428 303 528 360 ipsa
554 307 673 345 stare
701 318 757 345 ne
785 304 1023 361 paululum
1046 304 1233 362 quidem
1260 303 1581 347 subdubitat...
1600 302 1686 346 Vel

207 391 227 414 a
256 374 477 416 moritura
506 393 525 413 »
554 374 673 417 Deos
700 375 866 417 iterum
898 393 916 414 «
947 378 1139 419 testatur
1163 394 1182 414 »
1215 379 1258 418 et

399 542 426 548 ..
456 515 487 548 si
510 516 611 557 quod
635 525 715 549 non
735 524 857 558 aequo
882 516 1035 549 foedere
1055 519 1230 549 amantes

369 569 650 603 curae'numen
670 570 788 603 habet
805 570 1037 612 justumque
1055 578 1290 611 memorque.
1314 572 1506 612 precatur.

264 695 587 738 Verumtamen
627 710 852 754 nusquam
895 696 1097 755 apertius
1148 710 1285 754 quam
1335 696 1380 737 in
1431 695 1691 738 novissimis

206 766 358 808 verbis
391 767 477 808 ista
509 765 770 809 declaratur
802 767 923 815 illius
951 767 1006 809 de
1042 781 1122 809 suo
1150 781 1303 809 amore
1341 782 1392 809 ac
1427 766 1482 808 de
1518 780 1563 808 se
1592 766 1693 823 ipsa

206 838 374 895 opinio.
407 838 521 880 Tum
555 838 674 880 enim
702 838 996 895 praeteritam
1024 838 1163 880 vitam
1196 839 1461 896 respiciens,
1493 837 1578 879 sibi
1606 837 1691 895 ipsi

205 908 352 951 bonae
381 909 684 954 conscientiae
714 924 815 952 cum
844 909 1028 952 minime
1051 913 1170 952 tecta
1190 909 1407 968 superbia
1428 909 1579 952 reddit
1607 911 1695 951 tes-

207 980 445 1024 timonium
477 995 485 1024 :

434 1123 525 1156 Vixi
547 1125 585 1156 et
606 1131 722 1164 quem
744 1122 906 1157 dederat
927 1132 1085 1157 cursum
1110 1124 1266 1157 fortuna
1287 1124 1414 1166 peregi
1434 1133 1442 1163 ;

435 1182 465 1208 et
482 1187 577 1208 nunc
599 1187 731 1217 magna
751 1178 818 1208 mei
837 1177 899 1209 szcb
924 1181 1039 1209 terras
1057 1178 1120 1209 ibit
1137 1179 1267 1219 ima-qo.

495 1229 614 1267 Felix,
636 1230 735 1263 heu!
760 1230 927 1263 nimium
951 1231 1057 1271 felix,
1084 1231 1117 1263 si
1136 1231 1250 1264 litora
1271 1234 1427 1263 tantum

435 1292 639 1325 nunquam
664 1283 879 1317 Dardaniae
898 1284 1121 1326 tetigissent
1139 1287 1273 1317 nostra
1294 1284 1462 1317 carinae.

208 1410 441 1468 Infelicem
473 1410 613 1466 igitur
641 1424 687 1454 se
720 1410 859 1452 fuisse
884 1409 1077 1463 fatetur;
1109 1418 1278 1452 sontem
1307 1424 1431 1462 vero,
1461 1411 1594 1462 tacet,
1625 1423 1702 1451 ne-

209 1498 296 1540 que
326 1482 529 1540 profecto
559 1481 717 1524 credit.
759 1482 939 1540 Quippe
968 1496 1105 1539 quam
1134 1482 1326 1531 malum,
1358 1483 1405 1523 ut
1438 1481 1500 1523 ita
1533 1480 1697 1534 dicam,

208 1553 384 1605 adierit,
417 1552 675 1596 volentibus
709 1552 826 1605 Diis3
858 1568 947 1595 non
976 1553 1050 1595 illa
1080 1553 1249 1595 malum
1280 1552 1391 1594 adiit
1413 1555 1574 1610 sponte
1603 1566 1699 1594 sua.

210 1625 367 1682 Nuper
393 1624 578 1682 quidem
606 1623 829 1666 Didonem
867 1643 885 1663 «
922 1625 1023 1666 fatis
1062 1624 1351 1667 exterritam¹
1385 1642 1404 1663 »
1434 1623 1704 1665 ostendebat

210 1696 464 1752 Vergilius3
490 1711 608 1738 nuno
624 1696 826 1754 —-quasi
848 1697 985 1738 menti
1010 1696 1124 1752 ejus,
1141 1696 1294 1737 divina
1308 1695 1514 1753 quadam
1529 1694 1704 1736 revela-

210 1768 348 1820 tione,
379 1767 499 1810 clara
526 1767 699 1810 lumina
722 1767 1097 1825 praepandantur
1124 1770 1412 1824 reiectaeque
1441 1765 1707 1824 praeterito-

212 1854 311 1881 rum
340 1842 585 1881 eventuum
607 1839 804 1881 rationcs
827 1842 1026 1897 pateant,
1045 1865 1101 1870 —-
1120 1838 1460 1893 intellegentem
1484 1837 1608 1879 illam
1632 1851 1705 1879 os-

212 1910 356 1953 tendit
383 1914 603 1968 quantum
626 1910 854 1953 felicitatis
882 1911 968 1968 ipsi
998 1929 1016 1949 «
1048 1910 1139 1952 fata
1161 1910 1365 1968 deusque
1397 1928 1416 1949 »
1446 1909 1706 1967 impertive—

213 1982 324 2035 rint,
358 1985 579 2039 quantum
616 1996 774 2024 rursus
808 1982 1107 2024 calamitatis²
1136 1982 1374 2037 obtingere
1402 1980 1703 2023 decreverint.

216 2072 235 2092 «
268 2052 436 2111 Culpae
468 2072 487 2093 »
516 2068 624 2095 vero
652 2053 798 2105 istius,
831 2069 967 2111 quam
995 2054 1178 2096 ineunte
1208 2068 1362 2096 amore
1391 2068 1471 2095 suo
1498 2053 1598 2111 ipsa
1624 2067 1707 2094 no—

214 2124 432 2177 minabat,
462 2124 635 2168 nullam
663 2125 735 2167 hic
776 2126 1053 2168 mentionem
1093 2125 1213 2168 facit.
1256 2124 1391 2167 Nulla
1425 2125 1464 2166 ei
1499 2127 1708 2182 superest

214 2197 390 2255 peccati
423 2196 618 2253 alicujus
653 2197 950 2249 conscientia,
991 2212 1081 2255 qua
1117 2197 1314 2239 moriens
1352 2195 1702 2239 conturbetur...

273 2268 413 2326 Atqui
447 2268 510 2311 ita
545 2284 744 2326 quoque,
777 2269 820 2310 ni
848 2268 996 2323 fallor,
1028 2283 1156 2311 suam
1185 2283 1293 2324 erga
1320 2267 1542 2310 Didonem
1570 2267 1708 2309 bene-

215 2340 459 2382 volentiam
486 2344 622 2398 poeta
646 2341 811 2383 iterum
833 2339 1097 2393 declaravit,
1123 2355 1223 2383 cum
1254 2358 1273 2378 «
1304 2339 1489 2382 fatalem
1519 2358 1538 2378 »
1568 2339 1707 2381 fuisse

260 2529 288 2562 1.
312 2529 364 2566 IV,
387 2529 457 2561 450.
480 2530 557 2559 -1.
580 2540 606 2560 e.
629 2544 643 2558 «
667 2531 759 2560 malis
782 2531 860 2567 suis,
884 2531 1014 2561 miseria
1038 2541 1095 2561 sua
1125 2534 1347 2570 consternata,
1369 2540 1463 2571 quam
1487 2531 1516 2561 in
1542 2530 1615 2561 satis
1636 2539 1708 2561 esse

218 2588 300 2608 nunc
322 2577 490 2617 intellegit.
516 2590 529 2604 η
553 2577 720 2609 immacu.
739 2570 967 2614 Sion'ieAtA,
987 2578 1143 2614 Era-lanz,
1165 2589 1194 2618 p.
1222 2579 1288 2611 128.
1305 2597 1345 2601 —-
1364 2579 1544 2609 E.1·le›·rila
1566 2576 1708 2608 limem

218 2626 296 2656 dicit
310 2626 477 2662 excitata,
495 2625 650 2656 turbata.
671 2626 788 2661 Hem-E,
806 2626 849 2656 in.
868 2627 898 2657 h.
918 2627 937 2657 1.
957 2636 963 2656 z
982 2640 995 2653 u
1013 2627 1204 2657 artem-itas
1225 2627 1264 2657 (le
1287 2627 1326 2657 iis
1344 2627 1462 2657 dicitur
1482 2627 1535 2666 qui
1557 2629 1708 2656 conster-

217 2673 281 2703 nati
308 2673 415 2703 subito
436 2673 542 2713 aliquo
563 2683 637 2703 casu
660 2676 690 2703 et
705 2676 810 2704 mente
832 2674 964 2704 alienati
987 2674 1157 2706 insaniant.
1181 2687 1194 2701 υ
1217 2675 1345 2705 Minime
1367 2677 1451 2705 recte
1474 2673 1628 2710 KVIeALA,
1652 2683 1708 2703 ne-

217 2729 278 2760 que
299 2730 423 2751 omnem
445 2730 572 2750 sensum
594 2721 701 2751 reddit
728 2721 835 2751 Heme
858 2730 864 2751 z
889 2723 999 2751 {ers-01·
1022 2722 1149 2760 proprie
1173 2722 1372 2760 significatur
1397 2722 1448 2751 his
1475 2721 1594 2758 verbis,
1617 2721 1706 2761 quasi

218 2769 396 2807 potentiore
411 2767 539 2797 nurnine
562 2777 595 2797 se
612 2768 760 2798 domitam
784 2769 900 2799 sentiat
922 2771 952 2798 vt
972 2772 1163 2808 p1·‹›sti·;1i.·1·=.=
1189 2769 1282 2800 Dido.

260 2815 289 2847 2.
314 2814 366 2856 IV,
387 2814 447 2846 550
469 2825 476 2846 :

556 2870 611 2888 non
632 2863 720 2889 licuit
740 2862 859 2889 thalami
878 2867 1027 2900 expertem
1047 2863 1108 2891 siaa·
1127 2864 1246 2892 ermino
1266 2864 1366 2893 vitam.

557 2903 698 2932 dext-rc...
