1889 3319
220 213 278 255 74
827 226 927 255 PARS
958 227 1097 256 PRIOR.

219 342 378 399 Neque
404 342 544 397 igitur
569 356 737 383 novum
773 344 818 384 et
852 342 1117 385 inusitatum
1149 340 1342 399 quodvis
1368 339 1550 382 Aeneae
1593 339 1703 381 actis

219 416 296 455 aut
323 412 453 454 dietis
480 413 612 454 inest.
1290 420 1293 421 ’

276 482 420 524 Immo
454 486 630 536 eontra,
661 483 803 525 multo
832 483 980 525 minus
1003 483 1150 538 justas
1178 486 1221 525 et
1253 481 1516 540 probabiles
1545 494 1703 522 causas

217 552 324 596 Jaso
353 554 646 612 Theseusque
673 554 902 596 Ariadnae
932 569 982 596 ae
1010 554 1196 597 Medeae
1225 552 1506 596 deserendae
1534 551 1706 594 habue-

217 629 336 678 runt,
376 640 514 683 quani
542 625 730 669 Didonis
764 626 940 667 Aeneas
958 625 984 669 ¹.
1015 625 1223 683 Namque
1256 640 1404 682 neque
1432 624 1541 676 ullo,
1568 627 1617 665 ut
1642 623 1706 664 vi-

218 697 384 751 dimus,
413 697 579 739 Didoni
606 701 888 741 sacramento
911 711 956 739 se
985 697 1204 752 alligavit,
1228 700 1272 738 et
1300 699 1549 738 monstrata
1567 709 1593 736 a
1610 694 1704 736 Diis

216 769 532 827 promissaque
560 783 716 824 regna,
747 783 829 810 neo
864 768 951 811 sibi
978 769 1125 811 solum
1153 768 1395 821 destinata,
1434 767 1515 809 sed
1541 766 1634 808 suis
1662 769 1706 808 et

215 840 309 883 filio
328 840 357 893 ²,
388 841 677 898 quaesiturus
705 840 814 884 abit.

274 912 475 955 Eaedem
503 927 613 969 ergo
637 913 777 955 ferme
796 913 835 955 ei
855 916 958 955 sunt
973 911 1301 971 relinquendae
1317 910 1505 953 Didonis
1523 923 1700 961 causae,

217 999 334 1042 quae
385 983 537 1041 Ulyssi
576 984 901 1042 relinquendae
939 984 1093 1027 Circae
1137 987 1215 1026 aut
1260 981 1559 1040 Calypsonis3
1596 980 1702 1022 dum

216 1059 373 1098 eontra
398 1056 527 1110 nihil,
558 1056 644 1098 nisi
670 1055 918 1106 fastidium,
948 1056 1192 1105 Theseum,
1235 1055 1321 1097 nisi
1353 1053 1620 1112 potentioris
1654 1066 1705 1094 ae

215 1126 390 1169 ditioris
418 1127 617 1183 conjugii
644 1127 846 1181 ambitio,
877 1127 1089 1170 Jasonem
1116 1128 1285 1169 incitat.

277 1198 403 1241 Unde
431 1199 571 1253 igitur
604 1198 652 1240 fit
703 1202 751 1240 ut
795 1199 998 1241 Theseus
1038 1213 1089 1241 ao
1121 1198 1229 1240 Jaso
1269 1195 1528 1252 legentibus
1571 1194 1703 1237 nobis

216 1270 358 1312 multo
388 1271 535 1312 minus
562 1271 694 1314 invisi
725 1274 768 1312 et
794 1270 959 1325 ingrati
989 1270 1076 1311 sint
1103 1284 1240 1327 quam
1265 1287 1283 1308 «
1315 1269 1416 1326 pius
1448 1284 1467 1307 ))
1491 1266 1704 1309 Aeneas?

219 1342 365 1394 Quam
393 1341 451 1383 ol)
479 1356 662 1384 oausam
691 1341 748 1383 ab
776 1341 864 1382 illis
893 1345 1084 1389 amatae,
1116 1342 1255 1382 immo
1289 1338 1513 1381 abductae
1548 1351 1702 1379 seeum

215 1412 409 1454 feminae
437 1412 764 1470 proditionem,
808 1415 1025 1470 tanquam
1053 1412 1207 1454 fictum
1241 1410 1415 1468 aliquid
1451 1409 1698 1461 habemus,

216 1499 305 1541 quo
345 1485 534 1525 nimium
575 1483 745 1525 moveri
786 1483 911 1526 nullo
951 1483 1085 1525 modo
1124 1483 1303 1534 deeeatg
1346 1485 1558 1539 quartum
1596 1493 1702 1521 vero

215 1555 430 1598 Aeneidis
458 1555 627 1597 librum
646 1555 820 1611 legens,
840 1569 973 1597 nemo
1001 1559 1083 1608 est,
1114 1555 1290 1613 opinor,
1322 1553 1398 1611 qui
1426 1567 1515 1594 non
1542 1551 1704 1609 plusve

216 1628 424 1670 minusve
452 1626 633 1670 Aeneae
661 1631 940 1679 succenseat,
972 1626 1086 1669 adeo
1116 1631 1163 1668 ut
1190 1641 1308 1668 nune
1348 1625 1482 1667 etiam
1522 1637 1611 1665 non
1648 1622 1704 1667 Sit

216 1699 466 1742 absurdum
496 1698 551 1740 de
579 1699 716 1742 rebus
744 1699 842 1740 istis
870 1697 1119 1756 disputare,
1149 1698 1443 1754 Aeneamque
1466 1699 1543 1737 aut
1569 1709 1703 1736 accu-

216 1785 316 1815 sare
361 1773 437 1812 aut
473 1770 719 1812 excusare?
756 1769 844 1812 Cur
880 1769 1078 1827 denique
1118 1784 1219 1811 cum
1265 1768 1457 1823 Vergilii
1510 1766 1702 1808 multum

215 1841 421 1893 referret,
443 1842 503 1883 ita
532 1841 663 1884 electi
688 1845 732 1883 et
758 1841 910 1883 dilecti
938 1841 1088 1883 herois
1124 1840 1265 1882 verba
1299 1844 1341 1881 et
1380 1843 1480 1881 aeta
1519 1851 1702 1894 compo-

216 1927 324 1955 nere
353 1916 395 1955 et
423 1927 664 1971 exponere,
696 1917 744 1954 ut
773 1927 954 1970 semper
980 1913 1057 1954 ille
1085 1911 1346 1964 laudabilis,
1382 1914 1425 1953 et
1462 1909 1696 1960 honestus,

218 1988 261 2026 et
289 1983 631 2026 commendatus
659 1984 905 2026 lectoribus
934 1988 1068 2031 esset,
1101 1997 1294 2040 eumque
1322 1982 1474 2039 reipsa
1507 1980 1700 2022 inultum

216 2055 261 2097 in
288 2054 375 2098 hoo
399 2055 683 2099 insudavisse
712 2055 965 2097 credendus
994 2055 1049 2096 sit
1086 2058 1235 2112 poeta,
1275 2058 1426 2095 tamen
1468 2052 1618 2109 inepte
1658 2054 1702 2092 et

217 2126 343 2184 loqui
372 2131 415 2168 et
440 2141 576 2182 agere
604 2127 781 2168 Aeneas
820 2126 1047 2179 videatur,
1087 2140 1138 2168 ae
1178 2124 1558 2183 vituperationem
1596 2136 1701 2164 nos-

217 2200 335 2240 tram
362 2201 499 2256 atque
524 2197 742 2240 invidiam
766 2197 980 2240 sul)eat‘?.
1001 2233 1011 2239 .
1033 2233 1039 2239 .

278 2269 377 2312 Non
405 2269 619 2327 equidem
646 2269 719 2311 hio
747 2268 939 2324 Vergilii
964 2269 1009 2311 in
1029 2268 1331 2324 confingenda
1351 2267 1533 2310 Aeneae
1551 2266 1703 2309 indole

218 2340 510 2398 imperitiam,
542 2340 622 2382 sed
649 2340 835 2382 nimiam
862 2340 906 2381 in
944 2339 1247 2382 describenda
1280 2338 1455 2381 Didone
1493 2338 1704 2396 peritiam

217 2412 442 2454 incusem.
480 2410 659 2469 Quippe
692 2427 808 2469 quae
850 2411 1034 2467 ingenio
1080 2416 1123 2454 et
1162 2411 1363 2453 moribus
1404 2410 1535 2452 valde
1576 2409 1706 2452 dissi-

218 2483 338 2526 milis
366 2483 633 2524 mulieribus
661 2483 731 2531 iis,
764 2497 877 2540 quas
904 2482 1010 2524 Jaso
1038 2486 1082 2525 et
1108 2482 1310 2525 Theseus
1340 2481 1700 2539 dereliquerant,

218 2554 350 2595 nobis
379 2553 660 2596 ostendatur.
689 2553 891 2596 Ariadna
931 2554 1051 2600 enim
1093 2557 1135 2595 et
1168 2553 1325 2596 Medea
1365 2553 1422 2595 ab
1461 2552 1704 2610 Apollonio

219 2629 262 2667 et
289 2623 465 2667 Catullo
493 2624 803 2682 depinguntur
824 2629 1039 2683 tanquam
1058 2625 1181 2667 leves
1197 2626 1558 2682 temerariaeque
1574 2623 1705 2682 puel-

217 2695 354 2750 lulae,
385 2697 529 2752 ignoti
556 2696 775 2739 haetenus
804 2697 970 2739 amoris
1003 2697 1372 2755 concupiscentia
1402 2695 1700 2754 trepidantes,

260 2879 289 2913 1.
316 2879 363 2910 Cf.
387 2879 578 2918 CONINGTON,
602 2879 752 2917 Introd„
778 2889 809 2919 p.
830 2878 868 2910 12
885 2882 916 2911 et
937 2878 985 2910 13.

258 2927 289 2959 2.
315 2928 415 2966 Aen„
439 2926 492 2965 IV,
517 2926 667 2959 354-355.
