1889 3319
717 213 843 242 CAPUT
878 213 1052 242 ramum.
1548 198 1629 239 107

146 329 283 380 tores,
314 325 602 383 mytholog-os
631 329 675 368 et
700 325 956 382 historicos,
989 328 1095 370 satis
1116 327 1195 369 illa
1215 327 1426 385 antiquae
1456 327 1633 383 mytho-

144 396 294 453 logiae
322 397 467 456 copia,
504 396 624 439 unde
651 402 922 453 argumenta
948 413 1043 451 sua,
1075 398 1199 441 velut
1225 413 1248 440 e
1275 397 1463 456 perenni
1489 397 1629 451 fonte,

147 483 304 511 omnes
330 471 491 527 poetae
518 467 769 522 hauserint,
799 469 930 512 nobis
956 472 1064 512 nota
1091 472 1173 522 est,
1204 473 1253 511 ut
1280 468 1451 511 nullam
1483 468 1555 510 vel
1587 469 1633 510 in

147 554 357 582 scaenam
385 539 456 582 vel
486 539 530 581 in
560 554 669 598 epos
696 539 926 583 inductam
953 541 1092 583 fuisse
1120 554 1363 598 personam
1393 539 1496 595 jure
1525 554 1633 581 con-

142 610 370 667 jiciamus,
401 610 532 666 cujus
560 610 766 653 condicio
799 615 877 654 aut
909 611 1084 654 indoles
1124 626 1227 654 cum
1261 612 1451 654 Amatae
1481 613 1525 652 et
1551 609 1634 653 La-

145 682 293 725 viniae
320 681 456 724 rebus
484 684 562 724 aut
588 682 792 725 moribus
822 683 1120 726 conferretur.

206 823 422 868 Camillae
452 823 649 881 denique
677 823 879 867 indolem
906 827 955 867 ut
991 824 1246 881 effingeret,
1277 838 1426 881 neque
1458 822 1634 865 Arctini

145 895 437 938 Penthesilea
464 894 684 952 Vergilio,
714 910 863 953 neque
891 895 1085 938 aliorum
1111 898 1351 954 poetarum
1380 894 1634 937 Amazones

145 966 327 1010 nonnisi
354 966 530 1009 modice
558 966 778 1024 prodesse
832 970 1090 1025 potuerunt.

203 1038 319 1080 Nam
345 1037 546 1096 primum
581 1037 703 1095 quod
731 1038 926 1095 pertinet
954 1037 1011 1080 ad
1038 1038 1210 1095 primos
1246 1038 1428 1080 infantis
1466 1037 1634 1080 Camil-

143 1109 214 1152 lae
242 1124 384 1154 annos
411 1109 681 1167 virilemque
709 1108 990 1151 educationis
1018 1109 1257 1162 rationem,
1288 1124 1378 1151 non
1404 1109 1636 1165 incognita

144 1179 275 1223 nobis
309 1179 612 1239 exemplaria¹
641 1183 845 1222 secutum
873 1180 1002 1221 illum
1029 1180 1166 1222 fuisse
1201 1183 1391 1226 constat.
1424 1185 1467 1221 et
1499 1179 1634 1237 plane

143 1255 270 1310 patet
303 1252 433 1308 cujus
462 1251 581 1293 inter
606 1250 803 1294 Graecos
836 1253 998 1308 poetae
1031 1277 1088 1282 —
1119 1251 1290 1293 scilicet
1322 1249 1508 1292 Pindari
1548 1249 1634 1306 Cy-

143 1337 290 1376 renes,
323 1326 523 1383 ἀγροτέρας
554 1327 746 1383 παρθένου,
764 1336 789 1364 a
816 1325 945 1380 patre
968 1322 1154 1380 Hypseo
1184 1322 1374 1364 viriliter
1396 1321 1630 1368 educatae.

142 1394 377 1449 ingenium
405 1397 449 1436 et
476 1407 624 1436 mores
652 1392 1025 1435 describentis—
1042 1393 1085 1435 in
1116 1393 1201 1435 hoc
1228 1393 1327 1435 loco
1350 1391 1633 1434 meminerit²

145 1465 347 1523 (eatenus
376 1468 529 1508 tamen
549 1464 750 1507 imitatus
778 1467 827 1506 ut
850 1463 1033 1507 Pindari
1062 1464 1418 1522 descriptionem
1446 1478 1497 1506 ex
1531 1478 1633 1505 sen-

144 1536 286 1579 tentia
314 1550 395 1579 sua
422 1536 758 1594 commutaret).

201 1607 317 1650 Tum
354 1622 464 1650 vero
507 1607 564 1650 de
612 1607 825 1654 muliebri
862 1608 1053 1664 virginis
1099 1608 1162 1650 sic
1199 1608 1431 1650 institutae
1458 1605 1629 1660 indole,

143 1678 362 1721 nonnulla
390 1682 509 1732 sunt,
541 1682 585 1721 et
622 1678 701 1720 illa
734 1679 961 1735 graviora,
999 1678 1164 1736 quibus
1204 1678 1491 1721 Penthesilea
1519 1681 1633 1720 cete-

142 1764 311 1808 raeque
347 1749 405 1792 ab
437 1750 604 1806 ignotis
638 1751 784 1808 poetis
819 1749 1075 1808 descriptae
1106 1751 1358 1792 Amazones
1386 1764 1412 1792 a
1445 1748 1633 1792 Camilla

141 1821 273 1864 valde
300 1821 641 1865 discriminatae
667 1821 806 1864 fuisse
835 1825 1074 1880 apparent.

184 1963 213 1995 1.
236 1963 383 1995 Ceterum
408 1973 424 1995 e
457 1964 671 1995 Pffltosmm
699 1964 897 2006 (Ἡρωικός,
924 1974 978 2002 XX,
1009 1964 1061 2003 43>
1089 1964 1317 2005 comperimus,
1351 1974 1413 1995 non
1442 1963 1632 1995 dissimilem

144 2011 243 2043 fuisse
268 2011 487 2043 educationem
507 2012 701 2042 Amazonum
721 2012 860 2053 (qualem
888 2012 918 2042 in
950 2013 1113 2043 veteribus
1135 2012 1266 2049 fabulis,
1289 2029 1327 2035 —-
1350 2017 1499 2051 ποιηταῖς
1521 2024 1554 2044 τε
1574 2013 1632 2044 καὶ

143 2061 333 2100 μυθοὶόγοις
361 2056 526 2100 εἰρημένα,
555 2077 594 2082 -
624 2058 818 2099 descriptam
848 2059 1063 2090 Philotr'itus
1100 2059 1293 2099 reperiebat)
1327 2069 1343 2090 a
1373 2059 1465 2089 solita
1496 2059 1632 2090 siliarum

140 2106 226 2146 apud
241 2110 365 2137 ceteros
379 2106 524 2137 homines
546 2106 760 2137 educatione.
785 2120 798 2134 «
822 2106 866 2138 'A
885 2108 912 2138 δ’
919 2106 939 2138 ἅ
959 2103 1147 2139 ἁποτὲκωσι
1163 2106 1315 2146 erstem...
1334 2108 1523 2148 λέγονται...
1540 2109 1632 2147 Θερα-

140 2166 274 2187 πευειν..
281 2167 332 2202 .η
351 2154 442 2197 φύσις
465 2167 544 2195 μη·τ
548 2166 626 2195 ρων,
648 2154 730 2194 π)[,ν
753 2159 809 2186 τοῦ
838 2151 984 2197 ἐπισχεῖν
1005 2155 1102 2196 γάλα.
1129 2167 1143 2181 ν
1177 2154 1256 2185 Illud
1279 2155 1497 2185 tantummodo
1520 2153 1632 2195 Vergi-

138 2201 200 2232 lius
220 2204 344 2242 accepit
368 2211 406 2232 ex
427 2202 616 2233 Amazoneis
640 2202 759 2233 fabulis
781 2212 787 2233 :

528 2278 710 2305 Armentalis
727 2287 818 2313 equae
840 2278 975 2306 mammis
993 2282 1021 2305 et
1037 2279 1109 2306 lacte
1128 2278 1222 2306 serino

532 2320 665 2347 nutribat

139 2390 225 2431 quod
246 2394 276 2422 et
296 2391 365 2431 ipse
384 2391 481 2422 tradit
504 2391 730 2429 Philostratus,
755 2391 878 2422 addens
906 2395 1009 2422 tamen
1036 2391 1150 2422 nutriri
1179 2392 1311 2431 insuper
1332 2391 1526 2421 Amazonum
1548 2390 1630 2422 filias

140 2452 155 2467 «ι
176 2441 295 2479 δρόσου
315 2439 439 2480 κηρίοις
457 2438 476 2479 ἣ
499 2439 623 2476 μέλιτος
645 2438 737 2479 δίκην
760 2440 814 2471 ἐπὶ
836 2436 909 2476 τοὺς
932 2441 1074 2476 δόνακας
1096 2445 1158 2471 τῶν
1181 2445 1339 2480 ποταμῶν
1358 2438 1469 2476 ἱζάνει·
1499 2452 1512 2465 >1

182 2486 212 2518 2.
234 2485 354 2528 Pyth„
377 2485 432 2525 IX,
456 2484 495 2516 32
518 2497 524 2517 :

608 2533 625 2564 ὁ
643 2534 676 2566 δὲ
696 2531 905 2574 <’Υψε·3;>
925 2533 982 2566 τὰν
1001 2534 1201 2566 λευκώλενον

219 2581 358 2623 θρέψατο
380 2583 482 2614 παῖδα
503 2580 671 2622 Κυράναν·
691 2582 711 2613 ἁ
742 2581 796 2621 μὲν
822 2581 895 2613 οὔθ’
914 2582 1014 2613 ἱστίον
1033 2582 1262 2622 πα).ιμ6άμου;
1284 2578 1432 2623 ἐφίλησεν
1449 2578 1554 2620 ὁδοὺς,

387 2630 462 2661 οὔτε
478 2628 592 2661 δείνων
617 2629 762 2681 τέρψιας,
785 2628 857 2660 οὔθ’
872 2628 990 2670 ἕταρᾶν
1009 2626 1190 2670 οἰκουρίαν,

553 2672 624 2707 αλλ’
646 2672 840 2707 ἀκόντεσσίν
862 2688 894 2708 τε
915 2679 1019 2718 χαὶκε
1010 2676 1069 2713 ὀις

386 2723 546 2766 φασγάνῳ
567 2735 599 2754 τε
620 2723 812 2764 μαρνάμενα
832 2722 979 2763 κεράὶζεν
1000 2720 1133 2766 ἀγρίους

550 2773 660 2810 θῆρας,
685 2766 705 2818 ᾗ
726 2770 852 2802 ποὶὶάν
873 2771 984 2803 τεκαὶ
1005 2768 1146 2813 ἁσυχιον

221 2817 337 2858 βουσιν
355 2815 487 2858 εἰράναν
508 2818 696 2859 παρέχοισα
717 2817 897 2858 πατρῴαις,
918 2830 972 2850 τον
988 2818 1021 2850 δὲ
1041 2816 1096 2850 σ3
1091 2830 1241 2859 Ἠκοιτον
1239 2817 1352 2860 ,λυκ3ν

548 2865 649 2897 ὕπνον
672 2862 724 2896 ἐπι
744 2864 898 2906 γ)εφαροι
904 2878 916 2902 3

385 2912 492 2954 παῦρ’
512 2908 731 2945 αναλίσκοισα
754 2909 894 2955 ρέποντα
916 2924 995 2955 προς
1016 2909 1078 2946 ἀῶ.
