1889 3319
265 230 348 272 158
887 244 1116 274 coNCLusio.

260 361 496 418 patiuntur
540 366 832 418 maestaeque
873 375 925 402 ac
965 364 1116 401 mutae
1151 357 1392 401 incedunt!
1432 356 1525 399 Nec
1568 360 1745 400 tantum

260 431 437 475 Molieri
464 431 606 473 nostri
634 430 841 473 Lucinda
868 446 894 473 a
921 430 1173 485 vergiliana
1199 428 1388 471 Lavinia
1414 427 1597 471 abest...

322 501 412 545 Sed
452 502 558 544 satis
598 501 654 544 de
693 501 780 554 his,
825 517 880 544 ne
920 501 1078 543 videar
1104 501 1272 542 invitus
1300 500 1501 558 poeticas
1528 513 1747 557 personas

261 573 554 616 subridiculis
604 573 998 630 scarronianisque
1035 570 1495 614 commentationibus
1535 570 1745 624 illudere,

261 659 363 686 cum
390 644 499 686 nihil
528 644 649 686 aliud
681 643 921 686 ostendere
949 642 1060 685 mihi
1089 643 1145 684 sit
1178 657 1327 696 1116115,
1359 642 1446 692 11151
1477 641 1748 699 plerumque

258 715 341 758 has
367 715 623 774 persimiles
651 729 748 757 esse
777 715 830 756 iis
862 714 1137 773 quibuscum
1163 712 1414 758 domestico
1446 716 1490 755 et
1522 712 1747 755 cotidiano

261 787 532 829 commercio
553 801 877 829 conversamur
894 787 921 828 ¹.

318 915 523 974 Denique
563 920 776 974 quartum
813 916 927 958 illud
969 916 1177 975 personis
1224 931 1250 958 a
1300 914 1503 971 Vergilio
1544 914 1747 957 confictis

259 988 476 1045 Suppetit,
499 1013 555 1018 —
575 987 800 1045 siquidem
831 1003 905 1030 eas
922 988 1120 1044 nonjam
1136 987 1339 1043 singulas
1367 986 1744 1039 consideraveris,

260 1058 339 1100 sed
367 1058 477 1101 alias
506 1073 608 1101 cum
636 1059 734 1101 aliis
764 1059 1010 1103 contuleris
1031 1073 1039 1103 :
1059 1086 1112 1091 —-
1131 1059 1301 1101 scilicet
1316 1072 1419 1100 cum
1447 1058 1602 1115 plures
1631 1057 1748 1113 ejus-

260 1129 363 1172 dem
392 1145 523 1172 sexus
558 1134 602 1172 et
637 1130 916 1173 condicionis
944 1131 988 1172 in
1018 1130 1179 1173 eodem
1212 1133 1422 1189 poemate
1450 1143 1541 1171 una
1568 1143 1749 1171 versen-

256 1205 345 1255 tur,
377 1202 616 1259 proprium
646 1205 797 1244 tamen
835 1203 999 1260 cuique
1035 1202 1208 1257 ingenii
1249 1202 1422 1244 vultum
1462 1204 1507 1243 et
1545 1200 1746 1242 colorem

258 1287 371 1315 esse.
404 1273 560 1331 Neque
590 1273 865 1316 contendere
894 1274 1041 1316 ausim
1068 1272 1191 1316 idem
1228 1287 1371 1331 aeque
1409 1271 1497 1314 dici
1529 1285 1663 1329 posse
1691 1270 1747 1313 de

256 1344 309 1385 iis
338 1359 450 1402 quas
479 1345 742 1388 recentioris
771 1346 869 1387 aevi
898 1349 1077 1403 poetae,
1109 1345 1202 1387 sive
1231 1345 1407 1387 italicus
1437 1343 1621 1395 Tassus‚
1653 1343 1745 1385 sive

258 1415 394 1457 etiam
435 1415 667 1459 Cornelius
695 1421 850 1459 noster
876 1431 1105 1470 creavere,
1132 1416 1355 1474 personis.

315 1486 529 1542 Virgines
574 1491 725 1530 autem
768 1492 871 1530 sunt
910 1487 1099 1530 Lavinia
1137 1492 1180 1530 et
1230 1488 1362 1529 Anna
1413 1486 1483 1543 (ne
1528 1485 1743 1528 Camillae

258 1558 559 1615 meminerim)
597 1573 605 1602 :
662 1560 931 1617 quantulum
980 1575 1086 1602 vero
1127 1559 1375 1615 cognatae!
1426 1557 1594 1600 Uxores
1637 1557 1745 1599 item

256 1629 416 1672 ambae
445 1630 614 1672 Creusa
651 1635 695 1673 et
727 1631 889 1673 Amata
929 1646 936 1675 :
968 1635 1187 1689 quantum
1226 1631 1337 1673 haec
1373 1629 1430 1672 ab
1466 1629 1544 1671 illa
1575 1628 1738 1670 distat!

255 1700 378 1743 Inter
418 1701 652 1744 Laviniam
694 1703 1008 1745 tantummodo
1052 1707 1095 1745 ct
1135 1702 1353 1746 Creusam
1390 1700 1596 1743 nonnihil
1623 1714 1744 1742 com-

255 1787 390 1814 mune
419 1774 618 1832 perspici
646 1789 779 1832 posse
809 1789 949 1832 supra
976 1775 1143 1817 notavi.
1188 1773 1308 1826 Quid
1335 1788 1442 1815 vero
1472 1772 1523 1826 si,
1554 1772 1743 1829 insuper

253 1844 338 1896 his,
370 1844 719 1888 Andromachae
747 1861 867 1888 nunc
895 1846 1029 1888 etiam
1069 1850 1111 1888 ct
1140 1845 1327 1887 Didonis
1357 1858 1598 1896 memores,
1624 1857 1742 1884 eme-

252 1915 419 1957 tiamur
446 1921 666 1974 quantum
694 1932 719 1959 a
747 1916 915 1960 Creusa
941 1918 1197 1975 Amataque
1221 1920 1264 1958 et
1287 1915 1463 1958 Didone
1485 1913 1740 1957 Androma-

252 1986 335 2028 cha
364 1986 556 2041 differat,
586 2015 644 2021 —
671 1993 893 2046 quantum
934 1988 1131 2046 denique
1165 1988 1222 2030 ab
1258 1988 1327 2030 his
1356 1987 1567 2030 omnibus
1595 1984 1740 2027 Dido?

253 2057 485 2109 Quaenam
505 2060 623 2102 enim
642 2060 826 2102 illarum
843 2060 1003 2103 eadem
1031 2064 1167 2118 atque
1197 2060 1361 2118 punica
1391 2059 1546 2114 regina
1576 2057 1739 2099 sentit?

253 2128 439 2172 Cuinam
466 2145 555 2173 non
584 2132 764 2185 mirum,
806 2135 1138 2190 portentosum,
1176 2132 1314 2173 immo
1350 2130 1472 2172 nefas
1507 2129 1740 2171 videretur

253 2215 351 2243 esse
380 2216 507 2243 amor
533 2202 608 2245 ille
637 2203 840 2255 Didonis,
871 2218 924 2246 ea
951 2218 1041 2261 qua
1069 2208 1136 2245 est
1165 2202 1478 2245 vehementia?
1501 2201 1737 2253 Quaenam

250 2272 518 2328 intellegere
541 2288 639 2316 eam
660 2279 815 2332 posset
837 2279 882 2317 et
913 2280 1062 2317 mente
1091 2274 1303 2332 assequi?
1331 2272 1509 2331 Quippe
1538 2271 1666 2328 cujus
1694 2275 1738 2313 et

251 2348 350 2386 acta
378 2349 422 2386 et
447 2344 568 2387 dicta
600 2346 776 2388 mulieri
811 2347 1103 2404 antiquorum
1125 2350 1383 2403 temporum
1412 2344 1595 2386 minime
1633 2358 1736 2386 con—

249 2415 454 2468 veniant,
509 2416 587 2458 sed
630 2431 778 2478 mores
831 2422 873 2460 et
918 2417 1120 2460 adfectus
1163 2421 1207 2459 et
1249 2416 1545 2473 cogitationes
1592 2415 1734 2458 multo

248 2487 514 2529 recentioris
542 2489 702 2531 aetatis
729 2489 822 2531 fere
848 2504 1030 2547 semper
1057 2493 1100 2531 et
1128 2489 1297 2546 ubique
1320 2487 1569 2529 redoleant.

307 2556 474 2601 Omnes
512 2560 652 2615 igitur
685 2575 798 2618 quas
837 2561 1064 2617 Vergilius
1099 2560 1270 2602 effinxit
1298 2559 1513 2602 mulieres
1542 2559 1603 2600 ita
1629 2558 1734 2602 insi-

244 2630 371 2685 gnita
413 2634 455 2672 et
485 2631 705 2688 peculiari
740 2633 1097 2674 conformatione
1135 2631 1413 2687 excogitatae
1441 2631 1645 2684 fuerunt,
1684 2633 1733 2672 ut

285 2760 314 2792 1.
338 2759 516 2800 Vergilium
536 2770 575 2791 ex
597 2762 776 2801 aequalium
799 2771 925 2792 suorum
948 2761 1160 2792 similitudine
1192 2770 1345 2801 personas
1368 2769 1442 2790 suas
1463 2759 1628 2790 effinxisse
1649 2767 1731 2788 non-

242 2807 322 2838 nulli
360 2808 574 2846 contendere,
604 2809 704 2839 nullis
735 2812 839 2840 tamen
870 2810 1068 2850 argumentis
1102 2809 1179 2839 illud
1214 2809 1392 2839 fulcientes.
1428 2807 1462 2836 V.
1496 2807 1727 2845 HoroswonTn,

242 2864 294 2894 op.
318 2856 385 2890 cit..
410 2865 439 2894 p.
460 2855 622 2893 292-293;
647 2858 871 2888 XerTizxssiuu
893 2857 975 2896 apunl
1010 2858 1217 2894 Pei-:annium
1239 2857 1269 2886 in
1289 2858 1383 2891 Aen„
1407 2854 1456 2891 IV,
1481 2854 1562 2892 1933
1589 2854 1727 2890 Demos»,

243 2903 381 2942 Historss
401 2905 443 2943 of
459 2912 582 2934 roman
616 2904 814 2934 Lz'leralw'e
840 2905 966 2944 [Iurinq
990 2904 1045 2935 thr>
1069 2907 1247 2942 <tuqus-lan
1275 2913 1349 2945 asse,
1376 2903 1444 2939 lu,
1475 2902 1564 2935 1528,
1589 2903 1649 2932 vol.
1676 2902 1726 2940 111,

243 2960 274 2989 p.
299 2949 446 2981 lli-1:33.
