1889 3319
712 200 840 231 CAPUT
874 202 1070 231 TERTlUM.
1582 187 1638 229 67

214 317 360 361 Immo
385 331 494 359 vero
521 316 695 375 aliquid
722 317 858 360 etiam
885 317 1082 375 amplius
1103 316 1248 359 voluit
1267 316 1498 371 Vergilius
1523 329 1532 358 ε
1562 330 1639 357 vo-

153 389 238 432 luit
262 403 352 432 non
370 403 558 447 prorsus
579 403 677 431 esse
698 388 860 430 falsam
888 402 987 431 eam
1005 388 1288 430 innocentiae
1316 387 1639 430 conscientiam

155 474 290 518 quam
330 459 416 502 sibi
454 459 553 517 ipsa
590 458 705 501 Dido
747 458 981 515 confingit,
1020 474 1167 516 neque
1206 447 1414 501 mendaci
1456 458 1639 500 omnino

155 531 394 574 securitate
418 530 581 572 fretam
608 531 813 586 reginam
835 530 891 572 ad
914 529 1176 572 violandum
1203 529 1426 587 pudorem
1456 528 1635 571 adduci.

156 601 335 660 Quippe
363 601 441 659 qui
467 600 695 644 Junonem
729 601 802 643 hic
841 601 989 643 denuo
1019 605 1062 643 et
1093 600 1312 643 Venerem
1354 599 1639 642 advocandas

155 687 253 716 esse
293 673 498 715 censeat¹
541 687 549 716 :
587 687 667 715 cur
706 675 875 724 autem,
911 672 999 714 nisi
1035 671 1092 714 ad
1130 671 1437 730 probandum,
1478 671 1642 713 iterata

155 743 348 787 duarum
376 743 574 786 Dearum
603 758 743 801 opera
768 743 1170 801 redintegratoque
1198 743 1300 785 nisu
1342 756 1456 801 opus
1482 741 1637 795 fuisse,

153 818 204 858 ut
242 815 300 858 ad
337 815 500 857 ultima
536 814 716 873 prolabi
754 814 871 857 Dido
916 815 1085 857 vellet?
1136 814 1329 856 Insidias
1365 814 1461 869 jam
1513 813 1640 871 prius

154 889 499 944 comparaverat
525 885 682 929 Venus
709 890 758 928 ut
785 901 913 928 amor
933 886 1134 928 animum
1156 885 1343 927 Didonis
1372 886 1637 942 occuparet;

153 957 342 1000 insidias
393 972 513 1000 nunc
569 960 803 1015 comparat
851 956 970 999 Juno
1018 960 1067 999 ut
1110 956 1296 999 tandem
1337 956 1481 997 amori
1524 954 1640 997 Dido

156 1028 439 1072 succumbat.
483 1028 583 1071 Non
623 1028 769 1070 solum
804 1029 942 1084 igitur
976 1042 1022 1070 se
1058 1029 1205 1086 ipsam
1232 1027 1351 1069 ultro
1378 1026 1494 1068 Dido
1522 1025 1641 1068 deci-

156 1100 237 1158 pit,
269 1099 349 1142 sed
376 1114 403 1142 a
427 1099 523 1142 Diis
549 1100 806 1142 necessario
834 1099 1074 1157 decipitur.
1110 1099 1206 1141 Non
1240 1098 1440 1140 humana
1465 1100 1641 1139 tantum

156 1171 406 1230 cupiditate
434 1186 485 1214 ac
513 1171 767 1223 voluntate,
799 1171 879 1213 sed
905 1171 1030 1213 fatali
1064 1170 1263 1228 quodam
1292 1173 1336 1212 et
1360 1168 1642 1211 ineluctabili

154 1243 353 1285 numinis
380 1244 596 1287 instinctu
623 1243 681 1285 ad
704 1261 723 1281 α
755 1243 934 1300 culpam
968 1261 986 1281 »
1019 1243 1294 1300 promoveri,
1325 1241 1504 1283 volente
1531 1239 1644 1282 Ver-

155 1314 282 1370 gilio,
325 1313 521 1357 videtur.
559 1314 709 1372 Atque
745 1314 817 1356 vel
857 1315 992 1356 etiam
1021 1328 1073 1356 eo
1104 1313 1322 1371 temporis
1355 1314 1522 1370 puncto
1550 1326 1640 1369 quo

157 1400 203 1428 se
230 1385 411 1428 Aeneae
438 1385 700 1428 habendam
727 1385 881 1437 tradit,

525 1517 562 1548 et
581 1514 708 1548 Tellus
729 1518 769 1548 et
789 1514 985 1556 pronuba2
1003 1517 1106 1549 Juno

154 1631 198 1671 et
224 1628 515 1685 Hymeneaus
541 1628 690 1682 adest;
721 1643 804 1671 nec
830 1643 921 1671 non

525 1757 679 1800 fulgent
695 1758 807 1800 ignes
825 1761 863 1792 et
883 1758 1063 1792 conscius
1084 1757 1228 1790 Aether

350 1805 545 1847 conubiis,
565 1814 796 1848 summoque
811 1806 1017 1839 ulularunt
1037 1805 1180 1839 vertice
1198 1803 1421 1846 Nymphae3
1436 1813 1443 1835 :

152 1920 241 1951 nulla
265 1919 342 1950 mihi
375 1919 504 1950 omnino
541 1919 719 1951 satisfaciat
751 1919 1053 1960 interpretationum
1086 1927 1167 1959 quas
1196 1920 1322 1948 veteres
1352 1919 1406 1948 aut
1444 1916 1641 1947 recentiores

153 1970 419 1999 commentatores
440 1967 572 2006 dedere)
596 1978 602 1998 :
633 1981 647 1995 «
679 1967 762 1998 Dido
785 1967 942 2007 spirantia
962 1969 1034 1997 exta
1055 1966 1205 2003 consulit,
1229 1965 1353 1995 scilicet
1381 1964 1506 2004 quaerit
1536 1967 1640 1994 utrum

151 2014 269 2045 tacitae
289 2014 535 2054 interrogationi
571 2024 647 2044 suae
677 2014 902 2045 affirmativam
935 2023 973 2043 an
1008 2012 1187 2052 negativam
1215 2011 1458 2051 responsionem
1480 2010 1528 2040 Dii
1551 2010 1639 2041 dent.

153 2061 346 2092 Sacerdotes
367 2064 478 2092 contra
499 2062 615 2099 (vates)
637 2061 722 2091 idem
743 2071 812 2092 cum
836 2062 889 2091 illa
911 2061 1023 2091 sedulo
1045 2070 1079 2089 ac
1102 2059 1258 2090 bonafide
1274 2061 1442 2099 quaerunt,
1460 2058 1641 2088 nescientes

150 2109 215 2149 jam
236 2108 341 2139 adhuc
363 2118 553 2149 progressas
576 2119 626 2139 res
656 2119 728 2139 esse
751 2112 783 2139 ut
804 2109 927 2139 inutilia
957 2117 1112 2147 responsa
1134 2107 1333 2138 victimarum
1362 2106 1437 2141 sint,
1460 2105 1528 2135 sive
1555 2105 1640 2145 quod

153 2156 236 2187 Dido
255 2155 386 2197 placito
407 2157 519 2187 ammi
537 2166 599 2186 non
617 2157 681 2196 jam
700 2159 848 2198 pugnat,
871 2156 939 2187 sive
959 2155 1044 2195 quod
1069 2155 1116 2185 Dii
1133 2154 1348 2185 decreverunt
1368 2153 1553 2183 necessario
1576 2153 1641 2183 sore

153 2206 188 2234 ut
207 2204 406 2243 succumbat,
428 2204 486 2234 etsi
516 2204 609 2234 malis
630 2204 790 2235 ominibus
818 2205 857 2234 ab
887 2213 924 2234 eo
948 2203 1101 2239 consilio,
1125 2202 1165 2232 de
1186 2211 1248 2242 quo
1270 2204 1343 2231 exta
1364 2201 1556 2240 interrogat,
1580 2200 1640 2230 de-

154 2253 326 2282 terreatur.
355 2263 369 2278 »

195 2298 233 2328 Et
258 2297 309 2328 ille
330 2298 498 2339 gliscentis
525 2299 723 2339 cupiditatis,
746 2308 809 2339 qua
837 2298 918 2329 Dido
947 2297 1150 2336 obcaecatur,
1182 2305 1354 2337 processus
1383 2297 1489 2326 cetera
1518 2294 1643 2326 inutilia

153 2345 241 2376 facit.
262 2344 323 2384 (Cf.
345 2347 448 2383 Aen„
472 2346 524 2385 IV,
548 2346 634 2385 464.)
656 2347 796 2386 Namque

632 2410 676 2434 est
696 2406 799 2432 molles
817 2404 933 2431 flamma
955 2403 1099 2431 medullas

635 2452 746 2474 luterea

197 2498 403 2538 PEERLKAMP,
425 2500 544 2540 aliique
571 2510 641 2531 cum
666 2500 720 2531 illo
743 2500 947 2539 interpretes,
972 2499 1157 2530 ratiocinari
1180 2498 1254 2528 mihi
1277 2497 1428 2528 videntur
1445 2497 1535 2536 quasi
1557 2495 1641 2526 Dido

156 2546 224 2577 sine
244 2547 435 2587 ambagibus
459 2548 644 2578 sacerdotes
665 2548 898 2587 interrogasset
919 2557 956 2577 an
982 2547 1042 2577 sibi
1065 2555 1170 2576 amare
1191 2546 1330 2575 Aeneam
1352 2545 1474 2581 liceret,
1497 2546 1528 2574 et
1548 2552 1642 2574 veras

153 2593 310 2624 litationis
339 2604 453 2625 causas
482 2595 730 2635 praetendisset.
763 2594 855 2631 Quod
884 2604 947 2624 non
972 2593 1149 2624 verisimile
1170 2595 1228 2623 est.
1250 2592 1310 2632 (Cf.
1336 2592 1436 2623 Axon.
1459 2591 1544 2631 apud
1567 2590 1643 2621 Ser—

154 2640 242 2671 vium
262 2641 306 2671 in.
328 2641 360 2674 h.
384 2642 419 2681 l.)

197 2687 227 2719 1.
252 2688 351 2726 Aen„
373 2689 426 2727 IV,
448 2689 577 2721 90-128.

197 2735 229 2768 2.
252 2748 266 2763 «
291 2736 460 2767 Pronubae
482 2737 676 2768 adhibentur
695 2738 828 2777 nuptiis,
850 2747 930 2778 quae
952 2737 1048 2768 semel
1070 2738 1262 2777 nupserunt,
1289 2737 1322 2766 ut
1352 2733 1544 2765 matrimonii
1569 2741 1642 2772 per-

156 2783 342 2822 petuitatem
363 2784 578 2823 auspicantes.
611 2797 624 2810 »
655 2784 781 2823 Fssms,
804 2785 891 2825 apud
909 2785 1023 2821 Lenes,
1048 2780 1487 2825 Antiqzcitates'romanae,
1517 2790 1547 2820 p.
1569 2779 1640 2810 237.

197 2829 228 2862 3.
253 2829 399 2861 Ceterum
423 2832 495 2871 ipsa
525 2831 607 2862 Juno
638 2832 814 2862 declaravit
843 2831 909 2872 (IV,
934 2832 992 2863 103
1010 2835 1040 2862 et
1065 2831 1136 2867 126)
1157 2841 1163 2861 :
1188 2830 1332 2861 Conubio
1359 2830 1490 2869 jungam
1521 2827 1640 2858 stabili.

158 2893 199 2898 —
219 2876 432 2908 Simulacrum
464 2878 562 2919 igitur
591 2879 750 2919 quoddam
786 2879 885 2910 fuisse
915 2879 1054 2919 conjugii
1086 2878 1247 2918 Vergilius
1276 2876 1447 2917 significat,
1485 2874 1641 2905 Didonem

159 2926 381 2955 excusaturus.
416 2942 458 2948 —-
485 2925 576 2956 Errat
601 2926 736 2957 Saavms
763 2936 834 2957 cum
854 2927 933 2957 haec
953 2926 1060 2957 omnia
1083 2938 1098 2954 «
1123 2925 1206 2956 mala
1227 2925 1364 2955 omina»
1383 2922 1533 2962 judicat3
1554 2921 1640 2962 quod

159 2970 339 3003 rectissime
358 2971 556 3004 demonstrat
574 2973 697 3014 Hem-w,
720 2974 822 3012 Aen„
842 2973 878 3012 II,
905 2984 937 3015 p.
953 2972 1015 3004 645
1032 2982 1102 3014 sqq.
