1889 3319
246 216 302 258 76
855 229 956 258 PARS
987 229 1126 258 pmon.

968 414 1009 457 X

339 558 394 584 DE
421 556 655 592 QUERENTIS
683 555 855 583 DIDONIS
882 554 1162 587 HUMILITATE,
1192 554 1420 589 QUOUSQUE
1448 553 1630 581 DEMISSA

862 614 1112 642 DESCENDAT

300 755 457 813 Neque
487 758 639 797 autem
669 754 738 797 vel
765 754 999 813 perlevem
1026 752 1257 810 Vergilius
1291 767 1479 811 operam
1505 752 1731 810 impendit

240 830 290 869 ut
322 826 460 884 paulo
496 826 645 871 minus
673 825 860 879 Didoni,
897 825 1034 884 paulo
1067 824 1213 880 magis
1246 838 1431 866 rursum
1458 824 1640 866 Aeneae
1664 823 1730 866 fa-

239 912 441 941 veamus.

300 968 573 1026 Quanquam
612 967 726 1010 illud
753 968 902 1021 facile,
934 970 982 1010 ut
1009 967 1188 1025 opinor,
1218 966 1316 1008 fieri
1343 966 1505 1024 potuit,
1539 966 1575 1008 si
1609 966 1730 1011 scili-

238 1042 309 1082 cet
346 1039 425 1082 ubi
446 1040 646 1098 primum
675 1041 833 1096 regina
854 1039 1035 1082 Aeneae
1063 1038 1302 1081 consilium
1331 1041 1622 1094 cognoverat,
1659 1052 1731 1080 ex-

235 1111 407 1168 templo
434 1111 682 1154 furibunda
708 1111 979 1164 desaeviret,
1011 1110 1249 1153 scelestam
1276 1108 1600 1167 proditionem,
1622 1124 1729 1167 pes-

237 1182 397 1226 simam
420 1181 762 1225 benefactorum
784 1183 978 1238 gratiam
999 1182 1252 1234 criminata,
1269 1180 1510 1238 statimque
1527 1180 1584 1223 ab
1602 1181 1729 1223 initio

236 1253 281 1295 in
316 1269 391 1296 eas
427 1254 779 1312 imprecationes
811 1253 1119 1305 inveheretur,
1158 1252 1324 1310 quibus
1357 1252 1510 1294 futura
1544 1251 1730 1295 Cartha-

236 1325 513 1380 giniensium
541 1339 643 1367 cnm
671 1325 887 1367 Romanis
919 1324 1041 1367 bella
1075 1327 1210 1382 poeta
1247 1324 1500 1382 praesagiri
1527 1323 1725 1366 volebat.

235 1395 423 1438 Interim
450 1400 602 1439 autem
627 1396 806 1439 Aeneas
835 1396 933 1454 ipse
960 1396 1005 1437 in
1034 1395 1169 1438 corde
1198 1395 1487 1447 dilaceratus,
1521 1413 1541 1433 «
1559 1394 1685 1437 Jovis
1707 1413 1727 1434 »

236 1469 387 1509 tamen
418 1485 438 1506 «
467 1468 648 1509 monitis
675 1468 858 1509 immota
890 1471 1047 1510 tenens
1074 1467 1248 1508 lumina
1278 1484 1315 1519 »,
1341 1465 1565 1508 Didonem
1592 1465 1730 1510 solari

236 1538 471 1592 brevibus,
503 1538 582 1581 sed
619 1538 800 1582 blandis
838 1539 1064 1596 alloquii&
1094 1540 1137 1580 et
1170 1552 1273 1580 cum
1299 1537 1483 1580 militari
1511 1537 1725 1595 quadam,

234 1609 435 1666 benigna
472 1613 639 1662 tamen,
670 1611 909 1666 gravitate,
946 1613 1202 1652 conaretur.
1242 1609 1412 1665 Regina
1453 1624 1562 1651 vero
1593 1609 1725 1652 nobis

236 1681 554 1725 ostenderetur
601 1685 806 1740 spretum
861 1696 1065 1724 amorem
1113 1695 1246 1723 suum
1289 1681 1440 1739 potius
1491 1680 1728 1738 indignata

233 1767 371 1811 quam
397 1753 761 1812 proficiscentem
789 1757 989 1796 amatum
1016 1753 1165 1795 virum
1198 1752 1387 1805 deflens,
1419 1752 1617 1810 superbo
1644 1767 1727 1810 po-

231 1825 320 1867 tius
359 1825 532 1867 irarum
576 1828 706 1868 aestu
742 1839 933 1867 accensa
973 1839 1111 1883 quam
1150 1824 1275 1866 molli
1313 1823 1598 1879 aegritudine
1645 1838 1727 1883 op-

234 1911 413 1954 pressa,
467 1897 608 1939 atroci
667 1896 864 1955 denique
916 1896 1066 1954 potius
1118 1895 1271 1937 furore
1322 1895 1536 1938 frendens
1589 1910 1727 1953 quam

235 1968 485 2010 miserabili
524 1968 843 2026 desperatione
884 1968 1105 2010 afflicta...
1152 1966 1269 2018 Quin
1307 1967 1443 2009 etiam
1476 1966 1587 2024 quid
1620 1981 1727 2025 pro-

232 2038 381 2081 hibuit
431 2039 673 2097 quominus
714 2038 944 2094 Vergilius
992 2038 1186 2094 fingeret
1235 2052 1336 2080 eam
1380 2038 1626 2080 tentavisse
1678 2041 1727 2080 ut

232 2109 441 2166 Trojanis
470 2124 608 2152 naves
638 2110 852 2152 soluturis
880 2109 1098 2161 obstaret,
1131 2123 1182 2151 ac
1210 2112 1459 2166 postremo,
1483 2135 1539 2139 —
1566 2108 1728 2151 nihilo-

232 2182 382 2223 minus
405 2182 474 2233 iis,
494 2196 576 2239 per
595 2181 794 2238 aliquam
817 2181 1064 2223 faventium
1084 2180 1266 2222 Aeneae
1282 2179 1481 2222 Deorum
1497 2180 1722 2232 fraudem,

233 2252 579 2308 effugientibus,
607 2278 664 2283 —-
690 2267 799 2310 prae
828 2252 977 2305 rabie,
1009 2252 1200 2293 Amatae
1226 2251 1369 2293 instar
1396 2251 1721 2305 abalienatam,

235 2380 319 2412 liare
340 2380 435 2412 loved
462 2381 532 2411 ancl
554 2380 617 2421 left
638 2390 677 2411 as
696 2380 831 2411 Aeneas
852 2380 952 2411 does:
971 2381 1035 2421 fen·
1056 2379 1142 2410 leave
1161 2378 1229 2411 lead
1250 2390 1289 2411 as
1307 2382 1429 2421 εἰν-0719
1449 2390 1469 2412 α
1488 2381 1725 2422 justificatlon

235 2438 274 2459 as
302 2428 342 2459 he
368 2438 431 2459 can
453 2428 560 2469 plvml
593 2430 651 2468 for
677 2427 732 2458 his
753 2427 854 2468 sle'jslzl
871 2439 881 2464 ,·
908 2427 968 2458 hul
997 2438 1038 2458 no
1067 2437 1129 2458 one
1149 2437 1256 2458 seems
1283 2430 1316 2458 lo
1345 2437 1384 2458 ns
1408 2438 1445 2459 so
1473 2429 1663 2459 trador-ons
1688 2438 1727 2459 as

236 2477 369 2507 Aeneas
399 2478 518 2516 eam-ept
546 2476 573 2505 il
604 2475 642 2506 be
669 2476 771 2506 ιΙαεοη
790 2486 800 2507 :
829 2476 891 2505 and
922 2476 975 2506 the
1005 2485 1119 2505 reason
1152 2475 1212 2505 lies
1238 2475 1269 2505 in
1299 2476 1352 2506 the
1377 2476 1475 2516 depth
1505 2477 1538 2506 os
1561 2476 1727 2516 colouring

235 2524 313 2554 with
341 2524 445 2554 which
471 2523 583 2563 vii-gil,
606 2523 670 2553 like
696 2523 880 2563 Euripidvs,
909 2523 966 2553 has
994 2523 1123 2562 painted
1153 2523 1204 2553 the
1234 2523 1364 2562 agonies
1393 2524 1427 2553 of
1454 2523 1506 2554 the
1535 2523 1726 2554 abandoned

236 2581 351 2612 queen.
385 2584 398 2598 >ι
426 2572 490 2602 Nec
518 2571 620 2600 solinu
647 2584 661 2598 «
693 2570 748 2601 tlze
769 2571 909 2609 aqonies
932 2583 960 2610 n,
981 2570 1038 2600 sed
1065 2570 1161 2600 etiam
1189 2573 1359 2600 nascentes
1385 2573 1416 2601 et
1447 2574 1630 2601 crescentes
1656 2571 1727 2610 ejus

235 2627 372 2650 amoreS.
394 2618 461 2649 ι111111
482 2618 611 2648 Aeneae
632 2617 762 2653 infensi,
779 2617 895 2647 Didoni
919 2618 1062 2648 faventes
1084 2627 1194 2647 sumus
1215 2619 1385 2657 antequam
1406 2618 1437 2647 111
1457 2621 1592 2658 questus
1612 2622 1642 2649 et
1662 2619 1727 2648 iras

235 2666 318 2696 Dido
339 2668 496 2706 erumpat.
520 2679 534 2693 «
572 2665 637 2695 lee
659 2665 795 2705 novelty
817 2666 846 2695 is
867 2666 899 2695 ῖη
925 2664 983 2695 the
1004 2665 1148 2695 interest
1170 2664 1281 2695 which
1310 2664 1416 2705 Viryz'l
1445 2665 1509 2696 has
1534 2665 1672 2696 excited
1692 2666 1728 2696 in

238 2713 294 2744 tlze
312 2714 482 2744 situation
503 2712 573 2744 and
593 2712 742 2753 feele'nys
756 2714 799 2753 of
813 2712 868 2743 leis
887 2712 1051 2753 [οι-81111811
1073 2712 1222 2743 lzeroine.
1242 2713 1291 2743 He
1311 2712 1375 2743 has
1394 2712 1514 2744 struck
1541 2712 1597 2744 the
1621 2712 1729 2744 chord

234 2764 277 2802 of
292 2761 432 2792 modern
447 2761 605 2802 passion,
627 2760 697 2791 (mel
715 2760 924 2801 powerfcclly
945 2759 1009 2791 has
1035 2760 1063 2790 z't
1089 2760 1302 2800 resp07z<led,·
1329 2769 1415 2791 more
1443 2761 1633 2800 powersully
1653 2770 1729 2801 per-

235 2809 328 2849 hapS,
350 2810 427 2839 than
454 2809 504 2838 the
534 2808 679 2838 minstrel
710 2808 840 2838 himself
861 2808 1029 2848 expected.
1063 2807 1140 2838 Had
1165 2807 1290 2838 Homer
1312 2808 1445 2838 written
1468 2808 1510 2848 of
1525 2808 1626 2847 Dido,
1654 2809 1728 2840 whe

234 2856 360 2887 should
375 2854 547 2897 probably
568 2855 654 2886 lzave
674 2855 755 2886 been
780 2854 894 2886 called
914 2864 957 2885 οη
977 2857 1010 2885 to
1030 2853 1245 2895 sympathize
1265 2854 1347 2886 with
1369 2855 1431 2886 her
1451 2854 1512 2887 but
1527 2855 1645 2893 little,·
1664 2865 1728 2887 our

234 2904 383 2945 feelinys
407 2902 520 2935 would
541 2903 626 2933 have
647 2902 727 2934 been
748 2901 830 2933 111ίή
851 2902 908 2933 tlte
925 2901 1017 2940 hero,
1040 2905 1100 2934 etc.
1126 2915 1140 2929 »
1165 2901 1199 2932 In
1230 2902 1281 2932 his
1302 2904 1430 2934 omnino
1454 2912 1526 2934 cum
1546 2903 1727 2935 britannico

234 2951 399 2993 philologo
420 2951 601 2982 consentio.
