1889 3319
264 228 321 271 88
874 243 974 273 PARS
1009 243 1143 273 pmon.

323 359 411 401 Cur
430 362 583 400 autem
605 358 667 400 sic
682 358 840 401 fecerit
859 358 1106 413 Vergilius,
1126 359 1419 416 perspicuum
1437 363 1519 403 est.
1541 360 1752 420 Oportuit

263 429 384 472 enim
425 429 630 485 legentes
668 429 890 488 paulatim
926 429 1092 471 adduci
1137 429 1194 471 ad
1233 430 1584 487 imprecationes
1623 433 1747 488 istas,

261 515 456 559 quarum
488 501 636 556 gratia
682 504 829 543 totum
873 500 928 543 de
969 500 1145 543 Didone
1195 508 1397 546 ἐπεισόδιον
1447 505 1751 561 compositum

259 572 399 614 fuisse
432 571 532 615 fieri
570 575 744 630 potest;
783 572 978 630 ideoque
1006 572 1227 630 paulatim
1264 575 1308 614 et
1340 573 1487 631 ipsam
1526 573 1751 619 Didonem

260 642 317 685 ad
343 643 390 685 id
412 643 577 686 furoris
602 643 855 701 procedere
883 648 1007 685 utne
1034 643 1392 686 immanissimae
1421 645 1606 702 quidem
1626 661 1752 690 exac-

258 717 330 757 tae
358 714 416 757 ab
449 714 605 757 Aenea
631 729 805 773 poenae
833 714 988 756 odium
1015 714 1152 770 hujus
1182 717 1225 755 et
1252 715 1502 759 ulciscendi
1530 717 1752 775 cupidita-

258 788 350 827 tem
378 786 632 844 explerent,
665 785 745 828 sed
773 789 816 828 et
848 785 1038 843 insuper
1069 785 1218 841 gentis
1247 784 1304 828 ab
1331 785 1488 829 Aenea
1514 791 1638 831 ortae
1664 789 1751 832 im-

257 871 437 899 mensas
466 856 565 899 dari
593 859 768 912 strages
796 860 1048 914 appeteret.

317 928 764 984 Carthaginiensium
798 927 984 970 demum
1015 928 1155 983 igitur
1188 943 1291 970 cum
1322 927 1538 972 Romanis·
1571 930 1748 974 futurae

256 1000 498 1045 simultatis
546 1000 768 1042 memoria
812 998 1085 1054 Vergilium,
1145 1002 1195 1041 ut
1245 1000 1422 1057 opinor,
1472 1000 1648 1044 induxit
1697 1017 1748 1045 ac

256 1071 490 1129 compulit,
525 1075 571 1114 ut
609 1070 724 1113 adeo
759 1069 974 1112 effrenate
1003 1069 1349 1112 excandescenti
1387 1070 1554 1114 Didoni
1587 1087 1662 1117 eos
1702 1073 1746 1116 in

254 1143 457 1185 animum
504 1157 686 1195 sensus,
723 1156 776 1184 ea
813 1142 859 1183 in
899 1156 948 1184 os
976 1141 1116 1184 verba
1148 1141 1371 1198 injiceret,
1409 1158 1526 1200 quae
1560 1143 1746 1201 quidem

253 1229 344 1257 non
382 1214 565 1257 omnino
604 1213 661 1257 ab
691 1213 789 1270 ejus
820 1212 973 1256 indole
1012 1213 1211 1266 dissona,
1255 1227 1345 1255 non
1382 1215 1565 1256 omnino
1596 1218 1743 1258 tamen

253 1300 452 1329 consona
491 1285 745 1328 videantur.
798 1284 889 1328 Sed
931 1288 1100 1342 quanto
1144 1284 1290 1340 magis
1337 1284 1424 1326 alte
1465 1285 1590 1328 dolet
1627 1285 1743 1329 Dido

252 1372 389 1415 quam
417 1357 622 1415 priorum
645 1360 884 1415 poetarum
906 1355 1092 1399 Medeae
1112 1359 1156 1398 et
1176 1354 1421 1409 Ariadnae,
1440 1359 1564 1399 tanto
1592 1357 1741 1400 minus

252 1427 411 1470 debuit
448 1428 598 1471 irasci.
635 1427 763 1471 Feris
802 1428 898 1470 istis
940 1426 1194 1470 maledictis
1233 1430 1277 1469 et
1305 1427 1518 1470 conviciis
1557 1442 1741 1486 praece-

252 1499 409 1542 dentes
439 1500 555 1556 elegi
583 1503 761 1543 nocent.

953 1653 1038 1698 XII

287 1816 340 1842 DE
369 1815 530 1843 ULTIMA
556 1815 735 1850 QUADAM
764 1814 1017 1843 MORITURAE
1047 1813 1222 1843 DIDONIS
1248 1814 1373 1842 ANIMI
1399 1812 1700 1843 IMMUTATIONE

300 1980 450 2038 Atque
478 1981 593 2023 illud
620 1995 802 2039 quoque
832 1979 1033 2023 declarat
1056 1978 1312 2036 Vergilium
1336 1993 1523 2022 romano
1550 1993 1736 2037 poema-

241 2051 297 2094 tis
327 2052 393 2093 sui
424 2052 611 2094 consilio
639 2052 943 2110 placendique
973 2052 1189 2093 Romanis
1219 2050 1446 2093 desiderio
1481 2050 1620 2093 fuisse
1659 2065 1734 2093 co-

242 2126 392 2165 actum
420 2127 469 2166 nt
495 2124 632 2182 paulo
659 2124 762 2182 plus
791 2138 937 2181 aequo
965 2122 1324 2165 debacchantem
1347 2121 1571 2164 Didonem
1593 2121 1735 2178 finge-

238 2197 323 2247 ret,
355 2195 477 2253 quod
506 2195 764 2239 discessuro
793 2195 850 2237 ab
877 2195 955 2237 illa
981 2194 1137 2237 lectori
1165 2194 1298 2236 istam
1334 2193 1607 2235 furibundae
1636 2207 1733 2235 car-

237 2265 383 2308 nificis
411 2267 735 2325 Tisiphoneam
768 2267 899 2324 quasi
931 2266 1180 2321 imaginem
1214 2265 1420 2307 ultimam
1453 2264 1580 2319 infigi
1609 2267 1651 2306 et
1683 2264 1729 2306 in

236 2342 513 2396 perpetuum
539 2338 730 2381 haerere
753 2353 841 2381 non
868 2352 1031 2396 passus
1059 2337 1129 2379 sit.

294 2408 525 2466 Intellegit
559 2410 677 2453 enim
717 2410 791 2452 ille
820 2410 1065 2452 excessisse
1106 2423 1132 2451 a
1168 2411 1332 2451 natura
1360 2422 1441 2450 sua
1474 2407 1722 2462 Didonem,

234 2484 370 2540 atque
398 2482 440 2524 in
471 2496 517 2524 50
551 2485 783 2540 postremo
811 2481 961 2523 redire
995 2481 1105 2524 vult.
1145 2480 1271 2533 Quae
1308 2484 1460 2522 autem
1497 2479 1553 2521 sit
1585 2478 1723 2535 hujus

230 2553 539 2596 conversionis
567 2553 674 2605 alta,
706 2556 754 2595 ut
784 2553 847 2595 ita
881 2552 1045 2604 dicam,
1077 2555 1213 2610 atque
1240 2552 1331 2593 ima
1359 2551 1491 2602 ratio,
1524 2550 1725 2592 subtilis-

230 2624 341 2667 sime
371 2624 594 2667 detexisse
624 2624 882 2681 Vergilium
911 2624 982 2666 hic
1009 2638 1192 2681 quoque
1220 2622 1455 2665 fatendum
1483 2626 1565 2664 est.

288 2696 494 2754 Namque
524 2700 749 2739 secretum
779 2710 876 2737 eam
893 2696 1061 2738 sensim
1084 2694 1276 2737 subiisse
1292 2695 1474 2736 Aeneae
1496 2700 1721 2750 contemp-

226 2775 323 2810 tum
349 2768 481 2811 1101115
513 2767 725 2821 ostendit,
757 2767 801 2809 111
839 2767 928 2808 11115
964 2767 1163 2825 primum
1201 2765 1408 2809 versibus
1435 2764 1674 2808 obscurius
1705 2777 1715 2808 2

369 2952 445 2986 Nec
469 2951 541 2985 tibi
561 2951 649 2985 diva
666 2958 819 2993 parens,
839 2950 993 2994 generis
1016 2958 1087 2984 nec
1107 2949 1311 2984 Dardanus
1328 2951 1471 2990 auctor,
1490 2950 1562 2981 etc.
