1889 3319
304 215 387 257 146
858 229 958 258 PARS
989 229 1231 259 POSTER10R.

360 345 503 387 Nemo
531 348 699 397 autem,
727 359 875 403 sperO,
908 345 1087 402 putabit
1114 345 1267 388 inedia
1294 345 1490 403 quadam
1519 346 1688 402 ingenii
1714 350 1792 389 aut

302 417 438 459 animi
504 417 704 459 siccitate
758 415 1015 472 Vergilium
1073 416 1188 459 illud
1249 418 1431 460 vitasse.
1491 417 1789 471 concedatur,

302 502 490 546 quaeso,
519 487 669 540 nobis,
701 487 829 529 illum
857 501 947 530 non
974 488 1123 530 minus
1152 488 1267 531 bene
1296 503 1433 546 quam
1459 488 1613 544 gallici
1642 489 1731 541 isti,
1767 503 1794 531 a

301 559 468 617 quibus
508 559 725 616 carpitur,
765 562 942 616 poetae,
980 559 1217 602 Laviniam
1254 574 1383 602 suam
1422 559 1681 615 confingere
1710 575 1792 618 po-

300 631 458 683 tuisse,
490 631 549 672 ita
578 634 627 672 ut
667 645 803 672 unam
841 634 883 672 et
923 630 1020 688 ipse
1056 631 1242 673 istarum
1278 631 1538 690 puellarum
1577 631 1794 674 conderet

302 716 415 759 quas
438 702 571 744 etiam
594 702 976 760 praestantissimi
1003 702 1121 744 inter
1141 707 1319 746 nostros
1343 702 1583 746 Scaenicos
1611 703 1792 760 saepius

297 773 422 830 justo
438 773 644 816 fecerunt
658 776 839 816 teneros
857 788 961 815 suos
977 787 1154 816 amores
1177 774 1246 816 vel
1260 775 1305 816 in
1323 789 1487 817 scaena
1505 774 1788 831 suspirare...

301 843 422 886 Illud
451 843 637 887 demum
664 845 899 902 requirere
928 844 1057 887 decet
1085 848 1236 887 utrum
1266 849 1369 888 tunc
1399 860 1423 888 a
1452 860 1497 887 se
1522 845 1622 903 ipsa
1650 845 1793 887 amari

300 915 504 974 profiteri
535 915 725 958 Lavinia
752 915 925 967 debuit,
955 916 1158 958 Aeneam
1186 931 1242 959 an
1270 917 1509 959 Turnum?

360 985 490 1038 Quod
519 987 554 1029 si
581 987 780 1029 Turnum
811 1002 836 1029 a
863 1002 909 1029 se
938 987 1065 1043 diligi
1095 988 1245 1029 verbis
1268 993 1311 1030 et
1332 1003 1378 1030 re
1411 991 1567 1046 aperte
1594 1002 1793 1046 pronun-

299 1057 518 1111 tiavisset,
556 1058 745 1116 raptori,
786 1062 833 1100 ut
874 1059 936 1101 ita
977 1058 1141 1107 dicam,
1183 1059 1427 1117 persimilis
1460 1060 1637 1101 Aeneas
1670 1059 1793 1103 visus

297 1127 455 1171 suisset
487 1144 495 1173 :
528 1129 646 1172 unde
674 1130 815 1185 igitur
841 1130 928 1172 alia
957 1130 1115 1172 lectori
1145 1130 1382 1172 offerretur
1409 1144 1561 1182 causa,
1593 1145 1673 1172 cur
1696 1145 1793 1173 ma-

295 1199 397 1255 J'ore
421 1201 589 1243 invidia
611 1201 840 1257 trojanum
868 1201 1072 1254 heroem,
1092 1202 1264 1258 majore
1294 1206 1451 1244 contra
1478 1201 1793 1245 benevolentia

302 1271 505 1315 Turnum
536 1277 910 1331 prosequeretur.
934 1309 939 1314 .
963 1309 969 1315 .

357 1344 559 1386 Aeneam
579 1349 736 1386 eontra
761 1343 952 1387 Lavinia
979 1345 1065 1387 sibi
1095 1345 1238 1402 magis
1266 1344 1447 1403 plaeere
1482 1344 1787 1400 significante,

300 1415 453 1458 nescio
488 1431 543 1458 an
578 1415 886 1458 subridiculus
914 1416 1072 1458 fuisset
1100 1417 1201 1475 pius
1229 1417 1380 1469 heros,
1400 1415 1477 1474 qui
1505 1415 1692 1474 quidem
1718 1415 1793 1458 fri-

300 1486 409 1541 gido
450 1502 540 1546 quo
581 1491 663 1540 est,
694 1513 751 1518 —
793 1491 837 1529 et
871 1501 969 1530 esse
1003 1492 1184 1546 oportet
1217 1502 1268 1530 ac
1302 1486 1447 1540 decet,
1479 1513 1535 1518 —
1567 1486 1735 1541 animo,
1765 1502 1792 1530 a

297 1558 444 1601 tribus
485 1574 572 1601 uno
606 1559 649 1601 in
687 1563 897 1617 poemate
936 1559 1222 1612 mulieribus,
1254 1559 1435 1618 quietus
1475 1562 1518 1601 et
1549 1558 1791 1616 impertur-

298 1629 431 1672 batus
458 1631 572 1689 ipse,
605 1635 781 1673 amatus
808 1630 1002 1673 fuisset?

356 1701 565 1744 Eundem
608 1717 716 1744 vero
756 1707 974 1760 tanquam
1015 1702 1309 1746 liberatorem
1346 1716 1592 1761 oppressae
1632 1701 1725 1744 sive
1764 1717 1791 1745 a

295 1773 448 1816 Turno
486 1777 686 1832 raptore,
719 1774 811 1816 sive
840 1788 865 1816 a
892 1772 1019 1816 duris
1046 1774 1332 1832 parentibus,
1367 1773 1583 1816 Laviniae
1616 1772 1784 1822 induci,

292 1845 407 1887 illud
446 1844 632 1903 quidem
671 1844 918 1887 Yoltairio¹
969 1849 1012 1888 et
1057 1845 1222 1888 decimi
1275 1845 1456 1904 septimi
1500 1844 1573 1887 vel
1624 1843 1789 1887 decimi

292 1917 440 1959 octavi
475 1916 642 1960 saeculi
683 1916 825 1959 Gallis
865 1916 1090 1975 placuisse
1131 1917 1439 1974 intellegimus
1477 1931 1485 1960 ;
1522 1916 1786 1972 longissime

292 2003 400 2031 vero
438 1988 732 2031 abhorruisse
772 1988 844 2030 vel
881 1988 938 2031 ab
991 1989 1284 2047 antiquorum
1329 1988 1507 2039 studiis,
1555 1987 1786 2030 amatoriis

291 2060 430 2103 rebus
463 2060 608 2104 multo
646 2060 796 2103 minus
830 2075 968 2118 quam
1003 2064 1207 2103 recentes
1241 2061 1286 2102 in
1319 2059 1607 2119 poematibus
1645 2059 1787 2102 inser-

292 2132 527 2184 vientium,
576 2132 646 2174 vel
687 2147 711 2174 a
745 2131 1038 2188 Vergilianae
1077 2132 1292 2175 Aeneidis
1335 2131 1550 2188 religioso
1589 2145 1641 2173 ae
1681 2145 1786 2173 vere

293 2218 483 2247 romano
511 2203 700 2246 consilio
728 2204 1025 2262 perspicuum
1054 2208 1136 2246 est.

351 2275 472 2331 Ergo
489 2274 601 2317 nihil
624 2275 786 2317 melius
809 2289 946 2332 agere
966 2276 1114 2334 potuit
1131 2274 1321 2318 Lavinia
1343 2289 1480 2333 quam
1495 2273 1609 2316 nihil
1628 2288 1782 2329 agere,

293 2347 527 2404 nullaque⁷
560 2350 608 2389 ut
636 2347 815 2405 opinor,
837 2347 1087 2403 excogitari
1113 2350 1302 2406 possent
1327 2346 1468 2389 verba
1495 2360 1612 2404 quae
1639 2345 1785 2401 magis

293 2432 394 2460 eam
421 2417 637 2460 decerent
664 2432 802 2476 quam
830 2417 1101 2461 silentium².

334 2553 363 2583 1.
386 2553 552 2591 vamme,
585 2554 688 2585 Essai
722 2564 784 2585 sur
818 2555 853 2585 la
886 2555 1004 2596 poe'sz'e
1035 2555 1168 2596 e‘pz'que,
1203 2554 1283 2586 1733
1315 2564 1322 2585 2
1352 2568 1366 2583 (ι
1398 2554 1430 2586 Il
1461 2553 1584 2595 fallait
1610 2554 1786 2596 peut-&tre

293 2594 443 2642 qu’Ene'e
463 2603 521 2632 eae
540 2604 560 2632 ἁ
582 2601 731 2632 (Ie'lirrer
752 2603 890 2633 Larinie
905 2602 992 2633 (Ιίιη
1011 2603 1157 2639 ennemi,
1178 2601 1296 2642 pluldt
1311 2602 1392 2644 qu’c‘z
1411 2601 1602 2633 comballre
1622 2602 1785 2644 unjeune

292 2651 324 2679 et
355 2648 506 2680 aimable
535 2652 657 2680 amant
690 2650 750 2690 qui
778 2651 874 2681 avait
911 2652 987 2681 tant
1015 2651 1056 2681 de
1088 2649 1198 2681 (lroz'ls
1225 2659 1285 2680 sur
1310 2649 1414 2682 elle...
1437 2649 1466 2681 Il
1495 2659 1517 2681 α
1544 2652 1620 2690 trop
1640 2648 1719 2680 l'air
1737 2648 1785 2679 du

292 2696 467 2727 ravisseur
486 2695 528 2727 de
548 2697 699 2734 Laminie,
715 2697 916 2738 saintet-ais
939 2697 1026 2740 qzc’il
1046 2708 1084 2729 en
1106 2699 1163 2737 fcit
1185 2697 1215 2729 le
1233 2707 1421 2739 venyeur...
1446 2698 1514 2729 Une
1539 2696 1618 2728 telle
1637 2696 1785 2738 disposi-

297 2744 366 2774 tion
392 2747 449 2775 eut
471 2746 526 2775 e'le'
544 2755 611 2776 une
629 2755 748 2776 som-ee
768 2745 809 2776 (le
829 2745 971 2777 beaute‘s
992 2744 1190 2777 nouvelles:
1211 2745 1241 2776 Ie
1254 2746 1336 2786 pere
1355 2748 1387 2776 et
1409 2745 1446 2776 la
1466 2745 1555 2777 mere
1575 2745 1617 2776 de
1636 2745 1784 2781 Lavinie,

296 2794 383 2822 celte
397 2793 507 2833 jemze
526 2793 698 2833 princesse
716 2793 833 2830 me‘me,
855 2796 990 2825 eztssent
1015 2804 1055 2824 eu
1083 2793 1142 2825 des
1165 2803 1399 2835 personnayes
1414 2792 1496 2835 plus
1523 2791 1746 2824 convenables
1765 2793 1787 2823 ὰ

291 2849 408 2881 yones.
426 2853 440 2865 υ

340 2887 369 2918 2.
397 2887 491 2917 Suam
514 2897 584 2918 esse
605 2898 698 2928 posse
718 2888 768 2919 vel
794 2889 953 2920 inertibus
978 2890 1125 2929 personis
1153 2889 1308 2928 leporem,
1337 2887 1386 2919 vel
1418 2888 1526 2919 tacitis
1555 2887 1782 2928 eloquentiam,

297 2938 410 2976 argute
432 2935 642 2967 demonstrat.
667 2936 700 2969 C.
725 2937 869 2975 Mmrm,
889 2947 941 2978 op.
964 2937 1036 2976 cit.,
1057 2946 1088 2978 p.
1114 2935 1260 2968 108-109.
