1889 3319
227 190 281 231 36
831 200 932 229 PARS
964 201 1101 230 PRIOR.

226 316 542 376 ponendorum
569 316 815 359 verborum
841 316 1095 374 aequabilis
1121 316 1201 359 illa
1224 319 1268 359 et
1293 317 1444 373 gravis
1471 317 1585 360 ratio
1617 332 1709 375 qua

224 389 268 430 in
314 388 400 431 hoc
438 388 537 430 loco
575 386 804 443 Vergilius
842 388 1000 439 utitur,
1041 390 1139 429 tum
1176 391 1500 446 usurpatorum
1537 388 1709 431 ibidem

223 459 554 502 vocabulorum
609 459 924 502 ornatissimus
981 458 1184 502 delectus
1229 474 1238 503 2
1287 459 1410 517 quod
1463 462 1707 518 utrumque

224 532 295 574 vel
329 534 372 573 et
411 530 544 574 nobis
581 531 839 573 etiamnunc
875 531 1164 588 perspicitur,
1204 531 1411 588 quamvis
1449 531 1707 574 hebetiores

221 602 478 645 necessario
504 602 786 659 nimiumque
813 602 962 657 ignari
988 602 1316 644 existimatores
1337 602 1465 644 latini
1485 602 1707 644 sermonis

223 674 363 718 simus
381 678 408 715 ¹.

281 745 439 802 Neque
468 745 632 786 mirum
661 745 696 786 si
724 744 829 787 huic
855 745 1142 802 potissimum
1169 744 1518 787 Andromachae
1545 744 1706 787 infixos

222 816 436 858 Racinius
476 816 672 858 tenuerit
699 816 853 858 oculos
885 830 892 859 :
932 815 1169 874 paululum
1212 816 1329 859 enim
1368 816 1407 858 ei
1444 815 1707 858 addendum

222 886 293 929 vel
332 887 602 929 mutandum
642 887 888 945 superfuit,
920 890 968 929 ut
995 901 1018 928 e
1050 887 1189 929 latina
1215 887 1552 940 Andromacha,
1582 890 1709 930 tanta

223 961 267 1000 et
287 958 489 1017 corporis
513 962 556 1001 et
582 958 798 1001 orationis
827 958 1047 1014 dignitate
1076 959 1206 1016 quasi
1232 958 1407 1012 induta,
1437 958 1709 1016 politissima

221 1028 437 1088 deinceps
469 1030 549 1072 illa
595 1048 615 1069 ‹<
652 1030 835 1072 domina
868 1049 888 1070 >›
926 1029 1141 1072 evaderet
1173 1030 1245 1072 cui
1283 1030 1474 1087 gallicus
1503 1029 1706 1085 Pyrrhus

220 1100 490 1159 imperando
518 1101 673 1143 servit.

279 1171 410 1214 Adde
437 1171 561 1230 quod
587 1172 810 1228 majorem
837 1171 1103 1227 Vergiliana
1128 1171 1452 1214 Andromacha
1476 1172 1706 1214 tristitiam

220 1258 330 1301 prae
369 1258 416 1285 se
443 1244 530 1286 fert
567 1258 705 1301 quam
743 1243 1001 1296 Homerica„
1046 1247 1200 1301 utpote
1239 1244 1325 1296 cui,
1363 1245 1558 1299 conjuge
1594 1243 1708 1286 filio-

220 1329 308 1373 que
341 1314 604 1360 interfectis.
637 1315 897 1370 gravissimi
929 1318 1087 1373 postea
1115 1315 1460 1373 turpissimique
1486 1315 1706 1357 incubue-

221 1386 310 1428 rint
336 1386 565 1428 servitutis
594 1386 791 1429 dolores.
812 1385 938 1438 Quae
966 1401 1072 1428 sane
1100 1385 1347 1428 infortunia
1368 1386 1464 1442 jam
1491 1386 1536 1428 in
1564 1385 1705 1428 Iliade

218 1456 543 1500 Andromacha
586 1461 696 1516 quot
744 1462 787 1499 et
827 1461 995 1515 quanta
1040 1458 1192 1499 futura
1241 1458 1330 1500 sint
1373 1458 1504 1500 anxia
1554 1461 1705 1500 mente

219 1529 456 1587 praecipit,
481 1529 764 1587 futurasque,
795 1529 961 1587 quibus
984 1533 1258 1582 reservatur,
1281 1529 1559 1572 calamitates
1581 1544 1706 1587 pers-

216 1600 361 1657 picaci
389 1601 539 1643 animo
567 1604 820 1656 auguratur
837 1601 850 1621 '²
875 1615 882 1644 :
916 1600 1122 1643 subridet
1153 1600 1232 1643 illa
1258 1604 1409 1643 tamen
1438 1601 1556 1643 inter
1580 1601 1703 1658 ipsas

213 1670 423 1714 lacrimas
446 1674 733 1729 maestasque
759 1672 1082 1728 cogitationes;
1106 1672 1267 1730 bisque
1290 1672 1425 1714 etiam
1454 1672 1699 1715 suhridet³.

275 1742 429 1784 Noluit
458 1747 615 1785 contra
647 1741 878 1798 Vergilius
911 1743 1159 1801 quicquam
1193 1744 1232 1785 ei
1266 1757 1506 1801 superesse
1539 1742 1700 1785 hilare.

214 1812 832 1869 VergilianaAndromacha.
851 1814 1031 1856 tametsi
1058 1829 1158 1856 eam
1187 1814 1332 1869 magis
1360 1814 1500 1870 digna
1521 1814 1703 1857 fortuna

213 1885 386 1937 revisit,
428 1886 582 1933 vitam,
626 1885 741 1928 sicut
783 1899 896 1927 onus
930 1885 1014 1927 suh
1054 1900 1144 1943 quo
1171 1885 1349 1927 defessa
1377 1885 1562 1939 fatiscit,
1591 1885 1703 1928 tole-

212 1970 313 1998 rare
340 1955 473 1998 nobis
496 1956 677 1998 videtur
695 1970 703 2008 ζ
724 1956 864 1998 tristis
886 1955 1362 2009 advenienteAenea‘0,
1385 1956 1702 2015 proficiscente

211 2141 365 2172 mittenda
386 2144 450 2174 est.
473 2144 539 2172 tum
564 2142 591 2172 J.
615 2141 727 2172 Hem-m*
747 2141 882 2172 forsitan
905 2140 1153 2172 adsentiendum
1179 2140 1377 2175 existimem.
1400 2140 1445 2170 ita
1467 2139 1665 2180 intellegenti
1691 2149 1698 2171 :

213 2200 228 2215 «
245 2188 469 2219 Andromache
492 2199 553 2220 non
576 2192 666 2229 paret
685 2189 794 2230 reglae
821 2198 857 2219 ac
878 2189 1033 2219 femineae
1054 2188 1237 2223 decentiae,
1260 2189 1281 2218 ὰ
1303 2187 1511 2229 l'e'tiqnelte,
1533 2197 1579 2218 au
1601 2188 1700 2218 deco-

213 2245 303 2267 rum.
330 2254 370 2258 —
394 2236 458 2267 Sed
484 2237 590 2276 potius
618 2246 689 2267 cum
723 2237 930 2274 Peenmmur,
956 2236 1090 2266 Puenncrz
1117 2238 1147 2266 et
1179 2236 1328 2272 Bmmsr,
1355 2235 1541 2275 recipienda
1568 2235 1662 2266 lectio
1691 2245 1698 2265 ε

213 2295 227 2310 «
255 2283 387 2314 honore.
412 2296 426 2310 »
447 2302 485 2306 —
510 2284 677 2321 Fonssffim,
701 2284 820 2321 Hssrxss,
844 2284 1004 2317 VVAGxssa.
1034 2284 1151 2324 aliique
1182 2296 1195 2309 ι(
1219 2282 1332 2313 honori
1357 2295 1371 2310 »
1403 2283 1581 2323 recipiunt,
1607 2283 1701 2314 aliter

211 2334 317 2361 tamen
338 2341 431 2371 quam
454 2332 563 2362 Hexar
587 2333 846 2372 interpretantes,
872 2350 910 2354 —
930 2332 1022 2367 ‚lum
1039 2333 1133 2362 etiam
1154 2340 1225 2361 cum
1247 2344 1260 2358 ι(
1284 2330 1412 2368 honori,
1429 2342 1444 2356 »
1465 2330 1559 2362 sicuti
1581 2331 1699 2362 Pamn-

212 2388 310 2416 KAMP,
334 2379 469 2410 Rumam<
489 2382 520 2410 et
540 2379 691 2419 Bssxfflsr,
714 2382 943 2420 interpretatur
966 2389 972 2410 :
1002 2393 1016 2407 ι(
1040 2378 1115 2410 Eue
1135 2388 1176 2409 ne
1204 2378 1234 2409 le
1256 2377 1335 2409 cede
1358 2388 1424 2418 pas
1445 2388 1489 2408 Ρη
1513 2377 1698 2417 lzonneurs,

213 2436 252 2457 en
275 2427 508 2469 te'moiqnayes
527 2427 568 2458 de
589 2427 844 2458 consideration
866 2429 899 2457 et
919 2426 1134 2468 d'affection,
1155 2429 1175 2457 (ὶ
1194 2436 1256 2458 son
1277 2426 1378 2457 mari.
1404 2438 1419 2453 »

255 2474 285 2505 1.
310 2474 390 2505 Vide
411 2476 600 2515 praesertim
620 2485 673 2507 vv,
689 2474 838 2512 391-3229‚
854 2474 1004 2511 337343,
1020 2474 1073 2505 ubi
1095 2474 1218 2514 aptiore
1237 2477 1269 2504 et
1289 2474 1468 2514 quadrante
1489 2474 1591 2515 magis
1611 2484 1699 2506 com-

213 2522 391 2561 positione,
414 2525 509 2562 atque
531 2523 677 2554 adinstar
704 2523 863 2553 oratoriae
891 2522 1014 2562 periodi
1044 2522 1204 2553 sententia
1230 2522 1375 2558 struitur,
1402 2521 1551 2552 simulac
1573 2522 1698 2562 plenior

212 2573 304 2600 sonat
324 2579 440 2600 versus
462 2571 564 2610 ipsius
586 2580 750 2608 numerus,
774 2571 984 2610 longioraque
1003 2573 1165 2610 ponuntur
1181 2569 1291 2605 verba,
1314 2578 1450 2610 quorum
1473 2570 1572 2600 etiam
1591 2570 1697 2611 aliqua

211 2627 229 2647 a
249 2617 345 2648 solito
366 2627 425 2647 usa
443 2619 615 2648 remotiora
632 2622 706 2648 sunt
727 2619 912 2658 (superatne
932 2621 964 2648 et
982 2618 1129 2649 vescitur
1143 2617 1300 2657 αιι7·α...>.

252 2664 282 2695 2,
309 2664 525 2705 Nequicquam
552 2666 635 2695 enim
662 2666 778 2696 Hector
805 2675 843 2695 ex
869 2666 938 2704 ejus
965 2665 1070 2695 animo
1095 2665 1199 2695 tristia
1226 2665 1393 2705 praesagia
1420 2668 1573 2696 excutere
1597 2668 1698 2697 tentat

212 2711 280 2751 (IL,
302 2722 346 2750 vr,
368 2712 428 2743 476
445 2721 529 2752 sqq..
552 2731 590 2735 —
611 2713 710 2753 484.).
732 2731 770 2735 —-
793 2713 838 2743 Cf.
862 2712 932 2750 496,
957 2712 1028 2744 500.

252 2759 282 2791 3.
308 2759 362 2790 II..
388 2759 440 2795 Vl,
463 2760 534 2792 471.
557 2760 711 2791 483-484.

253 2807 282 2839 4.
308 2808 407 2845 Aen„
430 2807 481 2839 ΙΙΙ.
503 2806 653 2839 312-314.
676 2826 714 2830 -
742 2808 774 2838 ln
799 2807 858 2838 hoc
878 2808 949 2838 loco
970 2808 1147 2838 rectissime
1169 2807 1304 2839 Senvws
1331 2811 1362 2838 et
1381 2808 1477 2838 Tmen
1498 2808 1576 2839 haec
1598 2809 1697 2840 verba

213 2867 228 2882 α
250 2855 335 2886 raris
357 2854 521 2886 turbatas
538 2856 673 2886 vocibus
694 2856 785 2886 hisco
799 2856 1089 2895 ninterpretantur,
1111 2855 1201 2895 quasi
1222 2856 1468 2887 Andromachae
1490 2856 1651 2897 singultus
1666 2860 1697 2887 et

211 2901 460 2934 lamentationes
480 2912 660 2934 sermonem
680 2903 808 2935 Aeneae
827 2903 960 2934 turbent
979 2905 1009 2934 et
1032 2903 1248 2943 interpellent.
