1889 3319
685 203 812 232 CAPUT
847 204 1074 233 SECUNDUM.
1544 191 1625 233 113

145 320 454 379 profecturum
480 319 682 361 Aeneam
710 319 870 362 Latino
898 320 1148 375 denuntiat,
1174 321 1312 379 quod,
1335 324 1385 363 ut
1402 321 1628 378 interpres

146 390 332 449 quidam
359 389 536 442 voluit¹,
568 394 806 433 serenante
833 391 997 433 coelum
1026 392 1252 449 Aquilone
1279 392 1469 434 facultas
1497 391 1630 434 datur

146 462 294 505 nautis
321 474 460 503 naves
487 460 795 516 gubernandi,
833 461 913 504 sed
947 463 1191 521 praecipue
1226 463 1330 520 quia
1362 466 1521 504 ventus
1553 462 1629 504 ille

145 533 229 576 fuit
274 547 364 590 quo
402 532 449 574 in
477 532 719 574 orientales
748 536 917 577 tractus
946 534 1106 592 procul
1155 534 1212 576 ah
1244 534 1375 576 Italia
1410 534 1630 579 abeuntes

146 604 447 648 auferrentur.

203 674 375 718 Verum
401 673 532 717 nobis
554 674 779 730 Vergilius
806 676 904 733 ipse
933 676 1193 734 suspicandi
1222 680 1377 718 auctor
1407 680 1489 729 est,
1515 677 1631 732 regi-

145 761 267 799 nam,
286 745 552 802 conjugium
577 745 757 788 Aeneae
787 762 889 789 cum
916 746 1104 790 Lavinia
1131 747 1452 804 abnegantem,
1483 747 1631 790 minus

145 818 264 861 filiae
321 832 429 860 suae
481 831 588 860 casu
639 832 777 875 quam
830 832 911 860 sua
948 819 1090 876 ipsius
1130 819 1295 874 injuria
1335 818 1628 862 commoveri.

147 888 338 942 Quando
383 888 526 942 enim,
565 892 809 947 antequam
850 890 1033 945 ingruat
1069 890 1250 942 Alecto,
1293 890 1445 932 omnia
1476 904 1631 933 secum

144 961 309 1004 Amata
333 959 541 1013 revolvit,
572 975 661 1002 non
690 976 828 1019 super
853 960 1056 1014 Lavinia,
1088 961 1169 1003 sed

420 1113 536 1147 super
552 1105 725 1139 adventu
746 1108 936 1141 Teucrum
961 1107 1135 1149 Turnique
1154 1107 1358 1149 hymenaeis

147 1238 385 1281 sollicitam
437 1253 483 1281 se
530 1238 735 1297 praebet.
779 1238 921 1280 Filiae
969 1241 1065 1280 tum
1113 1238 1297 1280 demum
1341 1229 1688 1291 recordatur5*³‘'‘’

147 1325 249 1353 cum
282 1310 496 1353 maritum
523 1324 656 1352 suum
688 1309 957 1365 aggreditur
991 1309 1228 1367 supplex²¹‚
1262 1309 1325 1353 sic
1346 1313 1498 1351 tamen
1526 1312 1631 1352 tunc

146 1382 281 1425 etiam
308 1382 475 1433 locuta,
505 1385 553 1431 ut
576 1381 888 1424 vehementius
911 1381 1113 1423 Turnum
1135 1381 1192 1423 ab
1219 1381 1375 1423 Aenea
1400 1381 1455 1423 de
1481 1381 1633 1423 matri-

146 1454 297 1496 monio
339 1453 553 1496 Laviniae
589 1453 843 1504 detrusum,
885 1467 1022 1510 quam
1066 1452 1245 1494 deditae
1286 1470 1305 1492 «
1348 1452 1566 1510 praedoni
1610 1470 1630 1491 »

145 1525 361 1569 Laviniae
389 1525 563 1568 futuras
592 1538 832 1567 aerumnas
861 1524 1028 1567 deflere
1058 1523 1278 1566 videatur.
1299 1524 1483 1567 Parcius
1511 1524 1632 1567 enim

149 1615 169 1638 «
209 1596 265 1640 de
304 1600 410 1639 nata
442 1597 774 1649 lacrimatur»,
816 1595 1058 1654 potiusque
1096 1596 1142 1638 in
1178 1610 1224 1638 se
1267 1595 1414 1654 ipsam
1454 1596 1632 1638 miseri-

146 1668 346 1712 cordiam
375 1667 584 1724 conjugis
613 1668 681 1712 sui
709 1667 849 1710 allicit
885 1681 894 1710 ε

394 1817 470 1849 Nec
491 1818 527 1848 te
552 1814 712 1848 miseret
735 1817 927 1856 nataeque
949 1815 1084 1856 tuique

392 1877 464 1902 nec
486 1869 612 1900 matris
634 1867 794 1901 miseret
814 1876 927 1909 QUAM
949 1868 1074 1909 primo
1097 1868 1289 1909 Aquilone
1309 1868 1482 1909 relinquet

394 1923 579 1965 perfidus,
600 1921 682 1956 alta
702 1925 853 1964 petens,
875 1922 1044 1955 abducta
1068 1921 1232 1963 virgine,
1255 1921 1434 1963 praedoss.

145 2063 216 2106 Ita
241 2061 446 2121 profecto
474 2077 547 2105 res
576 2076 623 2104 se
650 2061 806 2113 habet,
838 2064 887 2103 ut
908 2061 1038 2117 jusso
1065 2060 1144 2103 illo
1182 2064 1225 2103 et
1253 2060 1468 2103 divinitus
1495 2060 1638 2103 indito

146 2135 436 2178 matrimonio
462 2134 660 2176 feminea
686 2133 876 2176 Amatae
906 2132 1121 2190 superbia
1155 2132 1298 2174 multo
1326 2135 1472 2187 magis
1500 2147 1637 2190 quam

146 2209 354 2249 materna
380 2205 544 2248 caritas
570 2204 794 2247 laedatur.
826 2203 850 2246 J
856 2203 1011 2246 amdiu
1032 2204 1151 2245 enim
1181 2203 1400 2256 Turnum,
1424 2206 1638 2261 nepotem

148 2291 297 2331 suum,
329 2276 387 2320 ad
414 2291 522 2320 suae
549 2276 670 2319 filiae
699 2275 963 2332 conjugium
1001 2275 1226 2317 reservari
1256 2293 1276 2313 «
1305 2274 1445 2317 fixum
1472 2274 1637 2317 immo-

146 2351 336 2407 tumque
372 2348 523 2391 animo
564 2347 706 2391 sedet.
752 2366 771 2385 »
811 2345 941 2388 Nunc
969 2348 1121 2388 autem
1149 2349 1333 2388 externo
1359 2359 1529 2401 genero
1558 2345 1638 2388 du-

148 2419 293 2463 cenda
328 2420 460 2476 virgo
499 2419 710 2471 traditur,
765 2432 903 2476 quem
944 2417 1110 2459 Amata
1145 2431 1236 2459 non
1274 2417 1420 2469 novit,
1466 2416 1635 2459 nedum

149 2491 378 2547 selegerit,
409 2491 573 2549 cuique
595 2491 756 2542 immo,
788 2488 983 2532 oraculis
1010 2488 1140 2541 freto,
1171 2489 1300 2544 regia
1323 2487 1477 2546 puella
1502 2487 1638 2546 potiri

147 2563 283 2606 liceat
309 2562 381 2605 vel
409 2563 544 2605 etiam
571 2576 660 2604 non
688 2560 964 2603 concedente
992 2559 1170 2607 Amata,
1215 2559 1288 2602 vel
1315 2559 1450 2602 etiam
1479 2559 1637 2602 adver-

192 2764 220 2796 1.
247 2765 370 2802 Hsmw,
393 2763 576 2800 Aeneiclea,
603 2763 633 2793 in
651 2772 681 2794 v.
705 2762 771 2799 VII,
792 2761 864 2793 361.

191 2812 221 2845 2.
250 2812 315 2851 Vll,
339 2811 411 2843 358.

190 2859 221 2890 3.
246 2859 280 2890 In
301 2868 338 2890 ea
357 2868 452 2899 quam
466 2858 505 2889 de
523 2860 640 2890 Amata
658 2857 821 2897 Vergilius
842 2857 967 2897 accepit
985 2858 1039 2888 aut
1059 2859 1225 2896 acceptam
1246 2856 1378 2888 mutavit
1399 2855 1519 2895 fabula,
1535 2855 1635 2887 filium

151 2916 243 2940 suum
259 2907 373 2939 Amata
391 2906 481 2948 prius
502 2906 648 2938 amisisse
668 2905 859 2936 narrabatur
879 2904 915 2945 (l.
936 2903 1003 2943 Vll,
1025 2914 1055 2936 v.
1074 2903 1201 2944 50-52.)
