1889 3319
731 208 858 234 ‹xxm-*T
894 207 1091 235 Taurini.
1601 189 1656 229 89

174 323 220 366 in
247 323 343 365 istis
371 321 535 364 deinde
564 321 846 365 manifestius
879 338 886 365 :

794 489 851 520 En
873 486 1009 519 dextra
1029 485 1202 526 fidesque

298 549 412 583 quem
432 549 565 574 secum
583 541 717 574 Iliacos
741 540 854 573 aiunt
875 543 1026 582 portare
1049 541 1222 578 Penates,

297 603 414 636 quem
439 594 608 628 subiisse
631 594 805 627 humeris
826 594 1045 627 consectum
1066 595 1192 625 aetate
1209 594 1420 634 parentem,
1446 593 1517 623 etc.

176 741 295 795 Quid
320 744 390 786 his
411 743 563 786 verbis
591 743 887 799 significatur,
920 744 1005 785 nisi
1034 742 1257 784 Didonem
1285 741 1514 799 putavisse
1541 739 1661 781 illius

173 815 325 858 herois
351 815 552 871 ingenio,
583 831 720 873 quem
748 815 940 858 Veneris
968 815 1111 856 filium
1139 814 1398 856 dictitarent
1431 815 1473 854 et
1497 811 1552 854 de
1572 825 1662 868 quo

173 889 267 929 tam
305 886 555 929 laudabilia
606 891 918 938 narrarentur,
963 886 1097 928 molle
1143 900 1194 927 ac
1239 888 1445 926 tenerum
1490 881 1663 940 aliquid

173 958 343 1011 inesse3
368 958 670 1016 bellicamque
690 959 826 1011 illius,
851 958 922 1000 vel
942 958 1053 999 nulli
1074 958 1311 1014 imparem,
1333 954 1659 1003 fortitudinem,

174 1044 264 1072 non
296 1033 450 1072 tamen
476 1029 651 1072 foedari
680 1029 928 1072 inhumana
956 1029 1038 1070 ista
1066 1029 1304 1085 ferreaque
1333 1040 1517 1068 suorum
1545 1039 1665 1068 com-

174 1100 434 1143 militonum
456 1100 704 1143 duritia?...
736 1101 851 1143 Ecce
887 1104 1037 1142 autem
1071 1099 1231 1141 ceteris
1253 1112 1355 1140 eum
1378 1097 1512 1155 plane
1544 1096 1664 1138 simi-

172 1172 264 1214 lem
303 1172 560 1230 eomperit:
597 1172 766 1229 quippe
807 1172 885 1229 qui
924 1186 1012 1213 non
1045 1170 1180 1213 modo
1220 1169 1536 1211 devotissimae
1577 1166 1664 1209 sibi

172 1243 376 1286 mulieris
403 1257 606 1286 amorem
631 1243 869 1300 promissis
896 1242 1048 1296 regnis
1076 1246 1351 1299 anteponere
1379 1254 1466 1282 non
1495 1238 1658 1292 valeat,

174 1314 490 1373 Didonemque
511 1329 656 1367 suam,
682 1315 979 1357 reviviscente
1009 1313 1158 1355 subito
1181 1312 1444 1363 ambitione,
1465 1310 1661 1363 deserat,

175 1385 256 1432 Sed
282 1389 326 1430 et
353 1401 498 1445 aequo
527 1386 676 1429 animo
698 1390 742 1429 et
771 1404 791 1426 «
822 1401 962 1429 ovans
995 1404 1014 1425 »
1044 1384 1256 1427 deserere
1284 1383 1492 1425 videatur
1521 1396 1529 1426 :

297 1560 399 1592 Num
420 1560 513 1593 ssctu
537 1559 729 1601 ingemuit
750 1561 883 1590 nostro
897 1558 913 1590 ι)
933 1558 1031 1591 Num
1052 1555 1202 1588 lumina
1223 1554 1359 1588 ssexit‘?

298 1613 398 1645 Num
418 1612 598 1645 lacriinas
623 1613 748 1645 victus
770 1611 876 1644 dedit
894 1613 961 1643 aut
982 1610 1191 1642 miseratus
1215 1611 1412 1641 amantem
1432 1608 1519 1640 est?

175 1766 277 1810 Jam
302 1767 445 1823 igitur
466 1768 696 1810 evanescit
722 1782 775 1809 ex
803 1766 945 1809 oculis
975 1765 1072 1822 ejus
1101 1764 1289 1807 eximius
1310 1762 1385 1805 ille
1413 1777 1463 1805 ac
1490 1761 1663 1821 perfec-

174 1842 246 1881 tus
279 1838 430 1892 heros,
462 1853 598 1897 quem
626 1840 738 1881 raris
774 1842 817 1881 et
856 1836 1163 1896 peculiaribus
1205 1835 1342 1878 animi
1385 1834 1567 1877 dotibus
1600 1835 1663 1876 vi-

175 1924 248 1953 ros
267 1925 424 1953 omnes
449 1911 572 1953 omni
600 1911 735 1953 modo
764 1910 1110 1952 antecellentem
1136 1907 1221 1950 sibi
1240 1906 1355 1949 Dido
1383 1906 1568 1948 amabili
1595 1920 1663 1967 er-

175 1996 276 2024 rore
304 1981 521 2038 fingebat.
561 1981 739 2025 Corruit
772 1982 885 2023 falsa
922 1981 997 2022 illa
1022 1980 1211 2038 species,
1243 1994 1333 2036 qua
1365 1978 1524 2020 delusa
1548 1978 1658 2030 fuit3

176 2057 220 2095 et
238 2053 376 2095 fuisse
398 2053 538 2106 dolet,
569 2057 612 2096 et
632 2069 751 2095 nunc
779 2053 1050 2110 resipiscens
1076 2050 1282 2093 mendaci
1305 2063 1525 2108 personae
1553 2049 1664 2091 iras-

173 2125 303 2178 citur,
323 2124 630 2183 stultitiaeque
647 2126 744 2182 ipsa
762 2139 885 2177 suae,
907 2128 1040 2181 rupta
1055 2123 1365 2175 fascinatione,
1386 2122 1658 2165 succenset&

233 2195 341 2238 Inde
367 2196 418 2238 fit
444 2199 492 2238 ut
519 2214 538 2235 «
564 2196 760 2238 abolitus
791 2214 810 2235 »
837 2210 984 2253 nuper
1011 2210 1035 2236 a
1061 2193 1283 2252 Cupidine
1314 2192 1546 2250 Sychaeus
1565 2191 1662 2247 jam

174 2266 220 2309 in
245 2266 433 2310 Didonis
462 2268 613 2310 animo
642 2267 772 2325 quasi
800 2269 1012 2323 resurgat
1036 2280 1044 2309 :

422 2434 528 2468 Tunc
549 2432 725 2467 exaudiri
748 2441 860 2466 voces
882 2435 920 2465 et
942 2432 1060 2466 verba
1079 2432 1256 2465 vocantis

421 2488 503 2521 visa
527 2487 612 2528 viri,
635 2495 713 2519 nox
734 2495 824 2520 cum
846 2489 967 2520 terras
991 2487 1153 2519 obseura
1174 2488 1358 2519 teneret...

175 2634 332 2695 Neque
367 2637 443 2680 ille
476 2637 676 2693 resurgit
715 2640 759 2678 et
798 2639 932 2692 urget
968 2634 1153 2678 admissi
1194 2635 1251 2677 ab
1289 2649 1427 2678 uxore
1469 2632 1660 2693 perjurii

217 2859 246 2893 1.
270 2860 317 2894 De
338 2862 454 2894 ironia
476 2872 556 2904 quae
577 2862 712 2893 Didonis
733 2862 901 2902 questibus
926 2862 1022 2899 inest,
1046 2861 1087 2894 cs.
1112 2861 1163 2899 lv,
1185 2859 1335 2899 376-12182
1356 2860 1449 2901 (quae
1476 2869 1527 2892 vv.
1551 2858 1612 2891 3⁷15
1631 2855 1662 2890 et.

175 2908 236 2940 356
258 2912 486 2951 respondent);
509 2910 587 2947 427,
609 2910 681 2940 432.
