1889 3319
551 588 755 648 PARS
823 588 1292 649 POSTERIOR

277 761 329 797 De
349 761 599 797 muliebrium
617 762 797 797 Aeneidis
817 771 1083 806 personarum,
1106 761 1146 796 in
1167 761 1309 806 quibus
1330 761 1563 806 effingendis

478 821 678 856 minimum
699 822 855 866 adjutus
875 821 952 856 fuit
971 821 1183 866 Vergilius,
1206 821 1335 856 indole
1353 832 1360 862 ;

419 890 495 926 qua
520 884 651 916 tamen
677 880 902 917 inveniendi
929 882 1040 925 copia
1067 881 1263 926 descripta
1289 880 1424 916 fuerit.

683 1177 872 1220 CAPUT
915 1177 1150 1222 PRIMUM

178 1307 439 1360 QUANTULUM
466 1323 517 1351 Ex
542 1322 730 1358 ANTIQUIS
757 1323 953 1352 FONTlBIJS
981 1325 1198 1352 PERCH‘ERE
1226 1309 1442 1352 YERGILIUS
1463 1324 1663 1352 POTL'ERIT

241 1395 279 1422 IN
306 1394 497 1423 PERSONIS
526 1394 624 1422 lSTlS
652 1395 910 1423 EFFINGENDIS
938 1396 988 1423 DE
1016 1395 1158 1430 Qrfflus
1186 1395 1289 1423 NUNC
1315 1395 1507 1423 AGENDUM
1534 1395 1604 1422 EST

236 1690 364 1733 Nunc
390 1693 542 1733 autem
569 1691 626 1734 ad
655 1705 729 1733 eas
754 1704 972 1749 personas
1000 1689 1269 1734 accedamus
1295 1692 1341 1733 in
1363 1690 1528 1748 quibus
1556 1690 1667 1732 deli-

176 1761 365 1805 neandis
394 1762 536 1804 multo
563 1763 713 1804 minus
740 1762 931 1804 feliciter
959 1756 1054 1803 rem
1091 1763 1286 1817 gessisse
1316 1761 1567 1816 Vergilium
1596 1761 1666 1803 di-

177 1834 307 1885 citur,
345 1833 516 1875 scilicet
548 1833 603 1876 ad
639 1833 888 1883 Laviniam‚
922 1832 1154 1885 Creusam,
1186 1833 1380 1885 Annam,
1413 1831 1666 1885 Camillam,

177 1905 400 1947 Amatam.
433 1904 632 1947 Tametsi
672 1908 823 1947 autem
859 1904 1051 1946 subsidii
1085 1919 1270 1962 parum,
1310 1908 1359 1946 ut
1390 1903 1526 1946 hasce
1564 1918 1668 1962 per-

179 1990 310 2019 sonas
337 1975 639 2032 confingeret,
673 1976 713 2018 ei
751 1976 906 2028 fuisse,
945 1975 1092 2017 obiter
1128 1991 1177 2018 ac
1212 1975 1472 2017 summatim
1512 1989 1671 2017 conce-

178 2047 312 2091 datur
337 2062 363 2090 a
388 2047 619 2105 plerisque
648 2048 814 2089 criticis
833 2048 859 2100 ¹,
889 2073 945 2077 -—
973 2046 1031 2089 ob
1059 2046 1106 2088 id
1131 2047 1282 2104 ipsum
1311 2046 1551 2102 languidas
1579 2047 1671 2089 ina-

177 2133 351 2177 nesque
383 2118 484 2162 illas
525 2133 623 2161 esse
673 2118 1070 2171 contendentibus,
1125 2144 1181 2148 -
1222 2121 1373 2160 tamen
1427 2133 1449 2160 e
1485 2132 1533 2160 re
1573 2132 1671 2161 esse

179 2190 376 2233 arbitror
411 2191 463 2243 si,
500 2191 770 2249 priusquam
812 2189 1044 2232 fastidiosa
1090 2203 1247 2231 eorum
1283 2189 1435 2246 opinio
1473 2203 1671 2246 perpen-

180 2261 330 2315 datur,
362 2262 649 2318 recognitum
675 2261 811 2303 fuerit
832 2263 942 2318 quot
970 2263 1013 2302 et
1039 2260 1192 2318 qualia
1219 2259 1386 2317 quibus
1416 2275 1438 2302 e
1470 2259 1671 2302 fontibus

179 2333 416 2391 percipere
459 2333 658 2391 potuerit
691 2331 939 2387 Vergilius.
987 2331 1058 2373 Ab
1111 2331 1237 2373 initio
1289 2331 1419 2373 nobis
1465 2334 1669 2374 constare

181 2404 299 2454 volo,
329 2407 421 2446 tam
448 2403 624 2462 liquido
646 2418 783 2461 quam
804 2403 903 2444 fieri
930 2406 1081 2460 potest
1108 2405 1432 2460 computatam,
1464 2417 1617 2444 rerum
1645 2417 1670 2444 a

180 2475 320 2517 latino
342 2478 477 2533 poeta
504 2475 603 2517 aliis
632 2474 906 2526 debitarum,
938 2474 1009 2515 vel
1037 2474 1179 2532 ipsius
1204 2474 1512 2531 propriarum,
1538 2473 1673 2515 ratio-

181 2560 299 2588 nem.
332 2545 520 2604 Oportet
547 2546 682 2598 enim,
715 2546 750 2587 si
781 2546 1143 2603 vituperatorum
1172 2544 1388 2587 Aeneidis
1421 2545 1672 2587 sententiae

182 2617 604 2670 contradixerimus‚
636 2617 689 2658 iis
717 2632 805 2659 non
829 2617 1023 2674 relinqui
1049 2617 1177 2658 istius
1206 2615 1492 2671 conjecturae
1520 2616 1671 2673 perfu-

181 2688 550 2743 gium,videlicet
571 2688 693 2745 quod
712 2686 940 2742 Vergilius
965 2687 1180 2728 nonnulla
1210 2686 1263 2728 de
1292 2686 1493 2728 fontibus
1523 2687 1668 2730 minus

183 2759 510 2816 apparentibus
537 2759 725 2801 fortasse
755 2758 1009 2800 extraxerit.

227 2960 256 2994 1.
281 2960 362 2993 Vide
383 2970 482 3002 supra
502 2962 668 2999 Prooem„
686 2971 715 3002 p.
738 2961 805 2999 5-7,
831 2969 901 2992 cuin
922 2960 1018 2992 notis.
