1889 3319
221 183 277 225 78
824 195 924 224 PARS
957 195 1096 223 PRIOR.

221 313 370 371 potius
397 312 670 364 recentium,
699 326 905 354 amorum
939 311 1208 354 memoriam
1240 324 1484 364 renovare,
1516 310 1553 353 si
1585 310 1709 368 quod

219 383 467 428 accendere
495 382 775 425 desiderium
809 386 973 441 queat;
1009 381 1215 439 illudque
1252 381 1516 426 castissimis
1557 385 1709 425 tamen

220 455 373 498 verbis
400 454 697 513 praestringit
725 468 733 498 :

385 584 483 616 Mene
504 583 631 625 fugis?
654 584 724 616 Per
744 592 814 626 ego
835 584 898 615 has
924 583 1094 614 lacrimas
1112 582 1367 624 dextramque
1391 585 1499 615 tuam
1524 585 1561 616 te

387 637 556 679 (quando
578 637 682 669 aliud
704 637 800 670 mihi
818 637 897 679 Jam
922 637 1087 670 miserae
1106 636 1205 669 nihii
1226 636 1310 677 ipsa
1326 636 1494 679 reliqui),

386 701 450 734 per
469 690 617 723 conubia
636 694 770 729 nostra,
796 700 861 732 per
880 691 1037 732 inceptos
1061 691 1319 732 hymenanS,

387 746 419 777 si
439 744 522 775 bene
542 744 627 785 quid
647 744 687 775 de
708 749 738 776 te
758 745 874 775 merui
890 744 913 782 1,
935 744 1006 784 fuit
1027 749 1089 776 aut
1113 743 1176 775 cibi
1197 743 1385 785 quicquam

389 797 488 830 dulce
508 807 639 835 meum,
663 797 892 843 miserere...

224 913 382 956 Nonne
412 913 546 954 etiam
568 914 664 954 turn
685 926 791 954 vere
814 910 1026 953 muliebri
1049 914 1143 953 arte
1167 910 1205 952 ei
1226 909 1431 953 insidiari
1453 909 1592 961 dieas,
1612 923 1713 952 eum

225 984 352 1027 addit
381 998 390 1028 t

451 1113 515 1145 Cui
534 1123 589 1144 me
608 1112 883 1145 moribundam
906 1112 1047 1148 deseris,
1071 1112 1245 1154 hospes?

391 1167 491 1207 Quid
512 1175 640 1200 moror
650 1168 705 1199 ἰ)...
726 1168 860 1204 <an>
881 1170 1024 1207 captam
1045 1165 1160 1198 ducat
1184 1164 1373 1200 Gaetulus
1394 1164 1550 1198 Iarbas?

227 1282 357 1339 quasi
379 1295 542 1339 nempe
571 1280 680 1323 velit
706 1280 893 1322 incitare
921 1283 971 1322 ut
999 1282 1170 1321 metuat
1190 1293 1246 1321 ne
1271 1278 1400 1321 alteri
1426 1278 1605 1336 captiva
1629 1281 1718 1320 tra-

226 1353 361 1396 datur
387 1367 524 1411 quam
552 1351 713 1394 habuit
739 1352 837 1410 ipse
865 1352 1047 1393 semina.

286 1423 429 1466 Immo
457 1439 544 1466 non
573 1423 753 1465 dubitat
782 1423 1033 1478 vergiliana
1074 1421 1192 1464 Dido
1226 1421 1427 1479 apertius
1460 1421 1517 1464 ad
1547 1436 1614 1474 se,
1646 1422 1718 1464 vel

226 1496 271 1538 in
301 1495 515 1552 exiguum
543 1499 741 1553 tempus,
771 1508 987 1537 revocare
1017 1497 1260 1546 amantem,
1291 1492 1376 1535 hoc
1405 1497 1508 1536 voto
1539 1507 1547 1537 2

398 1624 546 1658 Saltem
569 1625 602 1657 si
623 1633 700 1667 qua
719 1623 819 1657 mihi
840 1623 886 1657 de
908 1626 946 1657 te
967 1626 1150 1666 suscepta
1170 1623 1309 1658 fuisset

396 1683 479 1711 ame
497 1678 625 1720 fugam
646 1677 842 1712 suboles...

229 1792 395 1852 quihus
423 1791 610 1851 quidem
643 1792 797 1835 verbis
825 1792 927 1850 quis
963 1795 1029 1835 est
1057 1792 1132 1850 qui
1162 1791 1465 1846 offendatur²‚
1497 1807 1597 1836 cum
1627 1793 1720 1836 voti

228 1864 366 1921 hujus
394 1863 634 1907 audaciam
663 1864 902 1922 sequentia
923 1863 1036 1906 mire
1064 1867 1322 1922 temperent
1351 1879 1359 1908 :

750 1993 788 2027 Si
809 1993 896 2035 quis
913 1993 1012 2027 mihi
1033 1993 1222 2035 parvulus
1241 1993 1332 2027 aula

395 2046 550 2080 luderet
569 2049 733 2085 Aeneas,
755 2047 820 2089 qui
839 2050 876 2081 te
897 2050 1029 2080 tamen
1045 2047 1058 2068 3
1075 2055 1138 2080 ore
1158 2046 1357 2080 referret...

232 2161 325 2204 Nec
364 2161 567 2220 profecto
607 2162 853 2220 quicquam
900 2164 1043 2215 vetat,
1087 2176 1190 2204 eum
1234 2160 1347 2203 nihil
1392 2160 1617 2203 muliebre
1663 2160 1720 2204 ab

232 2232 383 2276 indole
399 2232 588 2276 Didonis
611 2233 811 2275 alienum
831 2248 929 2276 esse
949 2233 1245 2291 adhueusque
1264 2232 1536 2291 praemoniti
1559 2233 1718 2286 simus,

232 2305 343 2362 quin
368 2319 487 2347 nune
515 2305 650 2348 etiam
677 2305 809 2347 nobis
848 2319 948 2347 eam
981 2304 1229 2361 fingamus,
1261 2307 1454 2347 matrem
1482 2319 1535 2346 ex
1567 2304 1722 2347 Aenea

275 2469 303 2500 1.
332 2469 471 2500 Tametsi
504 2469 660 2510 quosdam
695 2470 892 2509 interpretes
931 2470 1008 2500 satis
1046 2470 1151 2500 audax
1184 2470 1318 2500 verbum
1350 2469 1425 2500 illud
1460 2469 1612 2509 offendit,
1647 2470 1721 2510 pla-

231 2517 365 2548 nissime
389 2517 509 2548 dietum
537 2520 602 2556 est,
635 2520 666 2548 et
694 2520 782 2548 recle
818 2517 997 2548 Coximmx
1024 2518 1175 2557 explanat
1200 2527 1206 2548 :
1231 2530 1245 2545 α
1274 2518 1394 2558 [syon
1423 2527 1501 2549 ever
1520 2517 1633 2558 found
1652 2527 1722 2558 any

227 2564 391 2606 pleasure
413 2564 449 2595 in
470 2573 532 2595 me.
558 2578 572 2592 ιι

274 2612 304 2643 2.
331 2611 507 2642 CONINGTON
531 2621 537 2642 :
564 2625 578 2639 «
603 2611 752 2643 Gossran
773 2621 938 2653 supposes
965 2611 1043 2643 that
1064 2611 1121 2642 the
1151 2622 1301 2654 passasse
1321 2612 1425 2643 could
1450 2612 1535 2643 have
1562 2611 1643 2643 been
1671 2613 1721 2643 in-

235 2658 429 2700 terpolated
458 2659 571 2699 before
600 2659 656 2690 tlze
686 2659 766 2690 lime
797 2660 839 2699 of
866 2659 1014 2690 Juvenal
1049 2659 1119 2689 ιιἸιο
1153 2659 1289 2690 (illudes
1320 2662 1353 2691 lo
1390 2661 1417 2690 z't
1444 2660 1516 2692 Sat.
1547 2660 1572 2690 V
1599 2669 1632 2698 »;
1664 2660 1722 2690 sed

233 2708 318 2738 illam
339 2707 554 2747 conjecturam
575 2707 654 2737 nihil
676 2707 705 2736 in
728 2707 821 2737 codd.
843 2708 1011 2737 confirmat
1032 2709 1073 2747 (v.
1097 2707 1248 2745 ΠιΒΒΕςκ,
1269 2708 1451 2747 Grramm).

273 2755 303 2785 3.
326 2755 389 2785 Alii
410 2768 424 2782 α
447 2757 584 2785 lanium
608 2767 634 2784 υ.
658 2754 722 2785 Sed
745 2769 758 2782 u
783 2757 895 2785 tamen
922 2768 936 2781 »
960 2755 991 2784 in
1012 2755 1140 2794 optimis
1162 2755 1258 2788 codd.
1281 2756 1409 2796 legitur,
1432 2765 1535 2795 neque
1561 2755 1722 2795 explicatu

234 2803 367 2834 difficile
388 2806 437 2833 est
453 2812 459 2832 :
474 2815 488 2830 «
508 2802 625 2832 Tamen
646 2801 708 2833 lias
729 2812 748 2833 α
770 2801 990 2843 consolalory
1004 2803 1119 2842 force:
1136 2803 1244 2834 whose
1264 2804 1433 2843 features,
1451 2803 1588 2844 {uns-pite
1603 2803 1644 2843 of
1657 2801 1719 2839 all,

234 2849 346 2891 miqlzt
366 2849 501 2885 remind
516 2859 566 2881 me
586 2850 628 2889 of
641 2859 722 2891 you.
748 2862 762 2877 n
780 2849 971 2882 [lons-eros.
1000 2850 1074 2880 Item
1102 2850 1228 2882 impres
1252 2860 1258 2880 :
1282 2864 1295 2878 «
1319 2850 1437 2882 Tamen
1461 2860 1467 2881 :
1488 2849 1575 2883 doch
1597 2850 1722 2891 wenig-

234 2900 336 2930 stens.
360 2910 376 2928 »
