1889 3319
678 220 805 248 CAPUT
840 219 1067 248 SECUNDUM.
1532 205 1615 246 119

191 335 395 393 Denique
422 337 615 376 mortem
636 335 784 392 ipsam
804 335 993 377 Amatae
1016 335 1219 377 moribus
1243 334 1342 391 ejus
1368 347 1617 390 congruam

131 410 267 465 poeta
298 405 459 448 effecit.
500 404 658 463 Neque
696 407 815 448 enim
849 409 1079 464 exspectat
1110 405 1371 464 praecipitis
1409 409 1453 448 et
1490 407 1619 463 petu—

131 477 266 520 lantis
306 476 478 532 ingenii
511 476 702 530 femina,
749 476 857 519 dum
902 477 988 519 sibi
1027 481 1175 520 certus
1216 476 1423 535 oppressi
1478 475 1618 518 Turni

134 549 318 592 nuntius
346 547 578 591 adferatur
604 562 612 592 :

379 677 527 719 Regina
550 681 587 708 ut
607 677 702 709 tectis
722 677 914 708 venientem
928 677 1097 719 prospicit
1119 677 1289 710 hostem...

380 729 518 763 infelix
539 738 693 772 pugnae
707 729 894 771 juvenem
917 731 958 763 in
978 730 1189 764 certamine
1210 729 1331 764 credit

380 783 622 817 exstinctum
637 783 688 816 ¹...

192 898 370 941 Interea
396 897 516 940 enim
544 896 689 939 dolori
718 897 816 954 ejus
844 897 1017 955 aliquid
1045 897 1149 940 novi
1171 895 1376 949 accessit,
1402 908 1621 951 angorem

133 969 273 1013 animi
298 968 421 1011 haud
447 968 640 1011 insontis
669 968 812 1011 dico².
847 968 1026 1026 Quippe
1056 983 1193 1026 quam
1216 968 1312 1024 jam
1346 966 1484 1025 paulo
1519 969 1621 1009 ante

132 1041 438 1084 intelleximus
479 1040 819 1082 miserationem
856 1039 1087 1097 quandam
1122 1040 1274 1082 subire
1312 1038 1453 1081 cladis
1490 1038 1621 1080 istius

80 1140 82 1142 ν
133 1113 178 1155 in
207 1126 345 1170 quam
376 1130 394 1151 «
425 1112 671 1168 imperium
705 1111 852 1153 Latini
892 1111 1198 1169 inclinataque
1239 1110 1433 1152 domus³
1475 1128 1494 1148 »
1525 1109 1622 1164 jam

133 1198 277 1242 prope
319 1186 386 1225 est
425 1187 471 1225 ut
499 1183 809 1238 demergatur.
842 1181 966 1233 Quae
997 1186 1149 1224 autem
1183 1182 1312 1240 quasi
1341 1181 1620 1239 poenitentia

132 1256 178 1298 in
207 1255 358 1297 animo
384 1254 535 1310 gliscit
563 1257 605 1296 et
632 1254 869 1306 increscit;
904 1272 923 1292 «
956 1268 1001 1295 se
1030 1267 1213 1297 causam
1244 1272 1262 1291 »
1295 1251 1453 1300 credit,
1488 1270 1506 1290 «
1539 1251 1623 1293 ori-

135 1341 330 1384 menque
371 1329 598 1384 caputque
638 1325 893 1367 malorum'·
925 1339 932 1377 3
976 1344 995 1364 »
1038 1339 1233 1382 cumque
1272 1323 1457 1365 tandem
1497 1336 1623 1365 mens

133 1397 272 1450 illius,
308 1400 374 1440 tot
406 1401 450 1439 et
487 1397 624 1438 tantis
660 1395 993 1438 calamitatibus
1033 1395 1327 1445 labefactata,
1364 1394 1528 1436 iterum
1561 1393 1625 1435 fa-

135 1469 269 1522 tiscit,
293 1471 351 1522 et,
376 1472 594 1526 tanquam
622 1471 770 1520 antea,
795 1467 1021 1519 turbatur,
1052 1481 1142 1509 non
1169 1466 1238 1508 ira
1265 1466 1360 1509 sola
1387 1469 1492 1507 tunc
1518 1464 1625 1507 facit

134 1540 380 1593 insaniam,
412 1539 492 1582 sed
521 1543 563 1582 et
591 1539 781 1582 admissi
808 1542 965 1582 contra
991 1538 1189 1581 Deorum
1218 1537 1499 1579 voluntatem
1527 1550 1624 1578 ma-

137 1625 318 1670 gnoque
344 1612 535 1654 fortasse
565 1626 667 1653 cum
695 1610 821 1652 latini
850 1610 978 1666 regni
1006 1610 1278 1652 detrimento
1299 1608 1474 1666 peccati
1498 1622 1626 1649 cons-

137 1683 313 1726 cientia.
345 1682 572 1740 Denique,
607 1682 723 1724 sicut
756 1681 986 1738 Vergilius
1029 1681 1194 1723 mirum
1232 1680 1278 1722 in
1312 1679 1498 1721 modum
1538 1678 1625 1721 hoc

138 1753 378 1811 significat,
409 1772 428 1792 «
462 1761 628 1795 mcwsto
647 1754 804 1810 furore
836 1772 854 1791 »
886 1757 992 1795 tuno
1020 1751 1312 1809 occupatur5.

198 1824 307 1868 Cum
336 1828 487 1867 autem
515 1825 675 1866 Amata
700 1823 891 1880 jamjam
921 1839 966 1865 se
995 1822 1251 1865 voluntaria
1278 1837 1387 1864 nece
1415 1835 1626 1879 peremp-

137 1900 240 1939 tura
261 1897 290 1950 ⁶,
336 1900 438 1938 ante
474 1895 627 1938 oculos
655 1899 833 1939 nostros
862 1895 1088 1947 statuitur,
1120 1893 1268 1936 mirati
1306 1896 1408 1935 sunt
1440 1891 1627 1950 quidam

181 2056 210 2089 1.
233 2057 330 2094 Aen„
352 2056 421 2094 XII,
442 2055 592 2087 595-599.

181 2104 211 2135 2.
236 2104 335 2142 Aen„
357 2104 426 2142 XII,
445 2103 586 2135 599-600
603 2112 609 2133 :

632 2180 666 2207 Et
684 2181 785 2207 subito
807 2184 932 2206 mentem
954 2179 1069 2206 turbata
1085 2180 1188 2207 dolore

493 2231 523 2250 se
543 2231 661 2250 causam
681 2223 796 2255 clamat,
810 2222 978 2257 crimenque
995 2226 1140 2256 caputque
1160 2220 1314 2248 malorum.

181 2293 228 2325 Cf.
251 2294 320 2333 ΧΠ,
341 2294 481 2326 657-658
504 2304 511 2325 ι

493 2372 638 2405 praetera,
656 2371 766 2406 regina,
784 2371 825 2397 tui
845 2370 981 2401 <scilicet
998 2370 1117 2403 Turni>
1138 2369 1280 2397 fidissima
1301 2368 1404 2395 dextra

489 2413 594 2441 oceidit
612 2414 674 2448 ipsa
694 2421 755 2446 sua,
776 2413 927 2447 lucemque
945 2413 1098 2439 eaeterrz'la
1119 2411 1202 2446 fugit.

182 2483 251 2521 Quo
272 2494 341 2516 cum
360 2495 455 2515 versu
477 2486 571 2516 istum
593 2485 738 2516 conferre
762 2484 910 2515 idoneum
929 2487 976 2514 est
999 2494 1005 2514 z

496 2562 569 2589 Tum
587 2570 657 2589 vero
679 2562 788 2596 infelix,
807 2561 874 2589 fatis
889 2562 1051 2595 exterrita,
1071 2559 1152 2587 Dido.

499 2608 622 2631 mortem
643 2608 742 2631 orat...

1177 2638 1288 2677 (Aen.‚
1306 2636 1360 2677 IV,
1379 2636 1464 2676 450.)

184 2681 214 2714 3.
238 2682 338 2720 Aen„
359 2681 429 2719 XII,
451 2681 565 2714 58-59.

185 2728 218 2760 4.
240 2730 337 2768 Aen„
360 2729 430 2768 XII,
452 2729 523 2761 600.

185 2777 216 2808 5.
235 2779 338 2815 Aen„
360 2777 431 2816 XII,
456 2777 527 2809 601.
550 2777 714 2817 Multaque
734 2777 790 2817 per
812 2778 982 2807 maestum
1003 2775 1135 2805 demens
1155 2773 1249 2804 effata
1269 2773 1436 2813 furorem.

185 2824 215 2855 6.
241 2825 340 2861 Aen.,
360 2825 428 2861 XII,
450 2824 521 2855 602.
547 2825 744 2855 Peritissirne
771 2824 986 2863 descripsisse
1010 2821 1188 2862 Vergilium
1211 2821 1313 2860 ipsam
1340 2823 1472 2850 mortem
1500 2818 1631 2849 Amatae

145 2872 275 2912 saepius
296 2873 501 2903 observatum
523 2875 581 2902 est.
599 2871 670 2903 vid.
695 2871 815 2909 iit-xm,
829 2871 1013 2907 Aeneiclea,
1040 2872 1062 2901 t.
1088 2868 1127 2906 II,
1148 2867 1209 2900 833
1229 2868 1296 2908 (qui
1321 2867 1365 2898 ibi
1386 2867 1510 2899 confert
1532 2866 1629 2903 Aen„

144 2917 200 2957 XI,
222 2918 295 2957 860,
319 2918 452 2961 Georq„
474 2918 528 2957 IV,
550 2918 633 2960 458).
