1889 3319
676 216 804 246 CAPUT
839 216 1034 245 TERTHJM.
1545 203 1595 243 51

114 347 444 391 pervacaneam
482 347 581 375 esse
612 333 837 376 constabit
872 333 1129 376 machinam
1155 331 1296 383 illam,
1327 346 1463 389 quam
1498 331 1599 389 quis

114 404 264 462 primo
292 403 477 462 quidem
509 404 730 462 adspectu
758 404 965 461 judicare
994 404 1175 462 queat¹.

175 473 426 533 Oportebat
466 475 585 517 enim
621 474 826 527 Didonis,
858 502 914 506 —
948 489 1101 533 quam,
1138 477 1187 516 ut
1221 488 1359 532 supra
1396 476 1600 516 notatum

113 545 214 598 fuit,
245 545 463 601 singulari
491 545 689 603 quadam
718 545 1032 588 benevolentia
1061 545 1379 603 complectitur
1398 544 1474 586 ille
1502 544 1599 602 ipse

116 617 194 674 qui
220 616 347 659 finxit
373 631 471 659 eam
499 620 633 674 poeta
660 642 716 647 —-
740 616 1213 674 imprudentissimum
1235 630 1436 657 amorem
1464 629 1601 672 quam

115 687 309 729 maxime
354 688 573 730 excusari.
619 687 684 730 Eo
733 692 884 730 autem
918 689 1066 730 minus
1105 686 1323 729 invidiam
1361 686 1600 728 severioris

114 758 296 801 lectoris
327 777 346 797 «
371 759 496 801 furor
516 759 528 780 ²
572 777 591 797 »
626 759 702 800 ille
731 759 931 801 movebit
958 759 1428 817 vituperationemque
1454 772 1601 799 mere-

114 829 252 881 bitur,
285 829 322 872 si
349 844 374 872 a
394 829 488 877 Diis
513 829 710 888 impulsa
736 830 900 872 clarius
922 830 1199 888 apparuerit.
1232 827 1350 881 Quid
1378 829 1542 871 mirum

362 966 440 991 una
459 958 547 992 dolo
568 959 711 992 Divum
732 959 765 992 si
786 959 930 993 femina
950 959 1050 993 victa
1071 958 1235 992 duorum
1260 960 1349 992 est‘?

112 1072 402 1129 Purgationis
429 1074 569 1130 igitur
589 1074 675 1117 hoc
704 1078 770 1117 est
798 1075 927 1132 quasi
956 1074 1339 1132 supplementum,
1366 1086 1389 1114 a
1414 1071 1601 1114 Didonis

110 1147 303 1202 patrono
332 1144 584 1203 eodemque
612 1150 743 1203 patre
770 1145 1074 1187 adhibitum?

173 1213 263 1257 Sed
305 1219 348 1258 et
383 1220 620 1274 praeterea
659 1216 810 1258 decuit
849 1217 967 1258 hunc
1003 1230 1109 1271 erga
1144 1215 1345 1256 Aeneam
1374 1229 1399 1256 a,
1431 1213 1603 1256 Punica

112 1286 270 1341 regina
299 1291 568 1345 conceptum
597 1302 799 1330 amorem
829 1302 963 1345 quain
987 1287 1181 1329 maxime
1205 1286 1479 1328 concitatum
1503 1299 1601 1326 esse

112 1371 163 1399 ac
190 1361 504 1415 properatum,
534 1374 681 1416 neque
709 1363 861 1401 tamen
899 1358 988 1400 ulla
1026 1357 1225 1400 debebat
1256 1356 1382 1412 injici
1414 1356 1603 1411 legenti-

111 1427 197 1470 bus
225 1429 438 1487 suspicio,
473 1448 492 1468 «
521 1430 644 1488 pium
676 1449 695 1469 ›>
725 1430 1026 1486 Trojanorum
1049 1442 1281 1471 sacrorum
1304 1427 1538 1470 custodem
1560 1430 1603 1468 et

112 1498 330 1542 heredem
367 1501 439 1543 vel
475 1501 709 1543 minimam
743 1500 1021 1559 impendisse
1055 1514 1258 1558 operam,
1301 1499 1370 1540 vel
1408 1498 1602 1554 digitum

111 1571 306 1613 movisse
346 1575 394 1613 ut
434 1577 678 1614 amaretur.
729 1572 923 1614 Necesse
968 1572 1108 1628 igitur
1147 1574 1241 1613 erat
1281 1575 1329 1612 ut
1363 1569 1477 1612 Dido
1506 1569 1602 1611 sola

111 1641 315 1684 Aeneam
362 1643 480 1685 ultro
526 1643 714 1697 adiisse,
765 1643 970 1702 petiisse,
1009 1642 1245 1685 lacessisse
1283 1641 1599 1683 crederetur...

113 1711 244 1764 Quod
273 1717 425 1756 autem
452 1719 501 1756 ut
528 1715 690 1757 melius
718 1714 1025 1767 confirmetur,
1058 1713 1305 1768 Vergilius,
1337 1712 1466 1770 quasi
1494 1727 1601 1754 suae

110 1782 285 1826 diffisus
313 1784 722 1829 describendorum
749 1786 886 1828 animi
908 1785 1149 1828 affectuum
1179 1784 1384 1843 peritiae.
1411 1783 1527 1825 Deos
1554 1783 1600 1825 in

111 1843 328 1897 auxilium
356 1857 607 1899 arcessivit.

171 1924 381 1968 Ceterum
423 1930 549 1986 patet
575 1927 831 1984 Vergilium
874 1927 1018 1969 multo
1059 1928 1207 1969 minus
1244 1927 1289 1968 iu
1326 1926 1395 1967 his
1436 1926 1600 1967 immo—

110 1997 203 2038 rari
239 2012 377 2055 quam
404 1998 699 2056 Apollonium
733 2003 810 2042 aut
838 1998 1081 2042 Catullum.

167 2067 283 2110 Nam
311 2073 355 2111 et
389 2069 664 2113 Mercurium
699 2085 835 2129 quem
871 2070 928 2113 ab
963 2070 1052 2112 alto
1087 2068 1282 2127 Olympo
1315 2069 1494 2127 ‚Jupiter
1520 2068 1600 2110 de-

112 2139 234 2181 misit

315 2202 360 2232 ut
382 2202 504 2233 terrae
529 2203 650 2242 utque
670 2209 792 2234 novae
815 2203 973 2242 pateant
995 2199 1241 2241 Carthaginis
1262 2207 1370 2231 arces

316 2252 488 2294 hospitio
511 2254 681 2294 Teucris,

110 2364 239 2407 citius
267 2365 433 2408 omittit
465 2368 644 2424 poeta&
683 2370 725 2409 et
753 2381 891 2424 quam
917 2366 1186 2408 brevissime
1214 2369 1424 2407 navatam
1459 2364 1517 2406 ab
1548 2378 1599 2406 eo

110 2450 298 2493 operam
326 2436 545 2480 describit
575 2453 583 2482 :

152 2563 180 2595 1.
207 2563 286 2595 Vide
317 2565 472 2603 ΚνιὸΑιΑ,
501 2567 802 2608 Verqz'l-Stadien.
835 2578 865 2607 p.
902 2567 971 2599 158.
1005 2567 1162 2597 VVEioxi-:R
1193 2565 1360 2605 Cupidinis
1387 2565 1600 2596 interventum

73 2630 77 2631 ν
110 2611 254 2643 inutilem
274 2612 411 2652 judicat,
434 2624 625 2656 causamque
648 2617 717 2655 ejus
746 2616 946 2646 interventus
974 2614 1050 2645 nihil
1079 2614 1165 2644 aliud
1189 2623 1263 2644 esse
1290 2622 1384 2653 quam
1412 2625 1426 2639 «
1459 2611 1601 2644 Schein-

110 2659 226 2690 motii).
245 2672 259 2686 υ
295 2679 331 2683 -
365 2660 411 2691 Cf.
434 2662 533 2699 Aen„
560 2663 582 2698 l,
605 2663 677 2696 661.
700 2662 771 2699 662,
794 2662 866 2697 674,
889 2672 925 2692 ea
948 2671 1042 2702 quae,
1065 2662 1143 2691 satis
1161 2661 1243 2691 levia
1270 2661 1426 2700 profecto,
1456 2659 1602 2690 obtendit

110 2705 286 2746 Vergilius.

151 2753 180 2783 2.
209 2753 349 2786 Verbum
370 2759 419 2787 est
437 2756 559 2796 Samii,
584 2758 615 2787 in
637 2759 736 2794 Aen.,
760 2758 782 2796 Ι,
804 2757 874 2788 299.

151 2800 182 2832 3.
208 2800 332 2841 Optime
367 2803 406 2833 de
434 2804 493 2834 hoc
520 2804 673 2840 chALA,
708 2804 1014 2846 Veryil-Studien,
1041 2815 1070 2845 p.
1102 2804 1171 2841 159,
1195 2804 1265 2841 160,
1294 2806 1324 2835 et
1355 2803 1546 2839 Coxixorox,
1568 2802 1600 2832 in

112 2846 209 2885 Aen„
230 2848 250 2878 l.
274 2848 327 2887 IV,
349 2850 478 2882 Nolice.

153 2893 182 2925 4.
209 2894 257 2926 Cf.
279 2905 315 2927 ea
341 2906 423 2937 quae
451 2897 606 2937 KvicALA,
634 2899 926 2941 Ve7·9il-Studz'en.
949 2909 980 2939 p.
1011 2898 1159 2937 102-103,
1182 2898 1222 2930 de
1247 2898 1306 2930 hoc
1330 2897 1480 2929 Mercurii
1501 2896 1600 2926 inter-

112 2944 210 2972 ventu
230 2943 367 2975 utilitate
387 2948 480 2976 acute
501 2945 688 2986 disputavit.
