1889 3319
0 1860 7 1877 7
27 1872 30 1875 .

0 2263 15 2307 ηις*
0 2069 22 2242 ·‘V;'']¹,‘¹¹“'—

18 2303 26 2314 n
23 2276 26 2278 .
19 2183 31 2246 „27-
18 2133 27 2147 -.
19 2069 29 2088 μ

814 218 1056 249 PROOEMIUM
1063 241 1071 248 .
1662 225 1687 251 V

267 332 475 391 Namque
502 333 620 391 epici
645 335 868 391 poematis
895 339 1048 393 partes
1076 336 1303 395 quaedam
1324 342 1428 381 sunt
1450 339 1494 381 in
1522 338 1688 397 quibus

207 407 370 469 poetae
396 404 527 447 facile
564 404 773 460 ignoscas
812 406 937 464 quod
967 412 1232 451 ornamenta
1264 409 1417 467 aliqua
1449 424 1501 451 ex
1531 410 1688 452 alienis

208 474 351 519 hortis
387 475 459 517 vel
500 474 787 518 abundanter
834 479 1123 536 excerpserit.
1167 479 1340 537 Nempe
1391 480 1502 538 quid
1552 481 1690 523 refert

207 545 465 602 Vergilium
482 546 669 589 Homeri
697 548 898 603 vestigiis
925 550 1115 607 propius
1143 550 1359 593 institisse
1387 551 1562 609 praelia
1589 552 1690 594 des-

208 617 482 670 cribentem,
523 617 598 660 vel
636 619 931 676 Apollonium
971 624 1176 663 secutum
1211 636 1309 664 esse
1347 622 1529 679 quando
1557 622 1689 665 deam

207 688 409 746 aliquam
434 688 612 731 induxit
639 704 686 731 se
714 690 973 733 mortalium
1003 692 1143 734 oculis
1171 692 1451 744 offerentem,
1483 693 1554 735 vel
1581 709 1690 736 non-

205 759 332 802 nulla
368 760 672 818 assumpsisse
713 761 770 803 ab
805 777 893 804 uno
927 768 1003 805 aut
1036 762 1177 805 altero
1216 779 1237 805 e
1266 765 1442 820 graecis
1480 764 1688 807 latinisve

207 830 507 889 scriptoribus
536 831 744 889 quotiens
773 847 852 874 seu
874 832 1146 891 longinquos
1172 837 1395 877 terrarum
1414 838 1582 878 tractus
1610 835 1690 877 de-

205 901 370 960 pingit,
400 916 515 960 quos
542 902 640 960 ipse
668 917 757 945 non
793 903 1002 953 viderit¹‚
1034 905 1126 946 sive
1166 906 1299 948 etiam
1335 905 1584 963 procellam
1619 907 1691 949 cui

206 972 405 1016 adfuisse
444 987 536 1015 non
569 973 705 1015 liceat
744 974 990 1016 omnibus?
1029 975 1093 1017 Ea
1132 980 1234 1018 sunt
1283 995 1302 1015 «
1348 976 1468 1018 furta
1507 996 1526 1015 »
1574 992 1689 1035 quae

205 1044 415 1102 quotiens
430 1043 611 1101 objecta
624 1044 815 1087 irridere
831 1046 991 1088 merito
1008 1048 1206 1104 potuerit
1220 1046 1449 1104 Vergilius
1460 1048 1487 1089 ².
1510 1047 1689 1106 Quippe

205 1130 340 1174 quae,
369 1115 689 1172 hujuscemodi
717 1120 941 1174 quotquot
969 1121 1087 1171 sunt,
1122 1136 1141 1156 «
1172 1119 1356 1176 proprie
1385 1118 1535 1161 dicere
1560 1137 1579 1157 »
1603 1119 1690 1161 dif-

204 1186 369 1230 ficilius
391 1201 528 1245 quam
557 1187 712 1230 utilius
741 1188 916 1246 opinor.
948 1188 1003 1231 Et
1025 1203 1122 1231 esse
1151 1204 1313 1231 censeo
1333 1190 1448 1247 epici
1468 1191 1689 1248 poematis

206 1272 498 1302 communem
526 1258 737 1301 omnibus
761 1263 804 1301 et
825 1262 1061 1302 aeternum
1081 1261 1210 1318 quasi
1226 1260 1505 1313 thesaurum,
1531 1261 1690 1319 aprio-

205 1329 332 1372 ribus
360 1329 692 1387 posterioribus
722 1329 778 1372 ad
805 1330 948 1372 libere
976 1330 1220 1373 fruendum
1247 1331 1479 1373 traditum.

267 1399 359 1444 Sed
383 1401 520 1457 longe
560 1415 690 1444 secus
726 1405 792 1443 est
831 1401 886 1444 de
925 1401 1078 1444 indole
1125 1402 1433 1445 adhibitarum
1472 1417 1690 1461 persona-

205 1487 308 1516 rum
347 1472 608 1528 effingenda
641 1487 649 1516 :
681 1473 726 1514 in
772 1487 862 1531 quo
906 1473 1048 1515 multo
1090 1474 1236 1516 minor
1282 1474 1429 1516 aliena
1481 1474 1689 1517 sumendi

202 1544 388 1587 licentia
429 1547 589 1602 poetae
633 1544 911 1593 conceditur,
954 1544 1097 1586 multo
1136 1545 1283 1601 major
1321 1559 1437 1587 nova
1471 1544 1689 1588 afferendi

203 1616 448 1659 necessitas
496 1615 734 1658 incumbit.
777 1614 823 1658 Si
866 1616 967 1673 quis
1014 1617 1134 1658 enim
1182 1631 1399 1672 germano
1449 1620 1688 1674 poetarum

198 1687 382 1744 ingenio
409 1686 645 1745 praeditus
673 1691 760 1739 est,
785 1701 831 1729 se
860 1701 949 1729 non
977 1686 1251 1729 substituere
1278 1687 1324 1729 in
1352 1687 1502 1730 locum
1530 1702 1687 1730 eorum

198 1773 290 1801 non
316 1762 467 1817 potest
493 1772 608 1816 quos
629 1762 815 1813 agentes
836 1758 1132 1816 loquentesve
1160 1758 1310 1811 faciat,
1332 1758 1444 1800 adeo
1472 1762 1519 1800 ut
1547 1773 1687 1816 quae-

200 1844 395 1888 cumque
429 1830 646 1881 sentiant,
678 1833 771 1872 tam
797 1829 948 1872 vivide
988 1833 1031 1872 et-
1062 1829 1160 1888 ipse
1200 1830 1362 1872 sentiat
1397 1843 1533 1887 quam
1567 1830 1603 1872 si
1630 1829 1685 1872 de

199 1916 247 1944 se
274 1904 464 1957 agatur3
495 1914 705 1958 quaeque
746 1901 890 1943 acturi
917 1901 1005 1943 sint
1032 1905 1108 1943 aut
1140 1900 1325 1951 dicturi,
1370 1915 1522 1943 secum
1558 1901 1685 1958 prius

199 1976 243 2015 et
269 1975 437 2015 attente
457 1971 700 2014 meditatus
715 1971 865 2014 fuerit.
882 1971 1038 2029 Neque
1059 1971 1181 2014 aliud
1203 1986 1300 2013 esse
1322 1972 1472 2028 reipsa
1490 1972 1680 2029 poesim⁷

197 2070 256 2076 —
272 2044 450 2086 etiamsi
476 2043 521 2084 id
543 2043 660 2084 inter
680 2047 856 2085 nostros
880 2043 1092 2100 aequales
1115 2042 1320 2085 nonnulli
1342 2042 1607 2095 infitiantur,
1630 2069 1685 2073 -—

200 2115 427 2167 existimo,
468 2128 606 2172 quam
645 2118 905 2172 promptam
947 2114 1072 2156 illam
1111 2129 1162 2156 ac
1204 2113 1403 2155 vividam
1442 2113 1579 2155 animi
1613 2114 1684 2155 101

199 2186 316 2229 fictis
349 2185 487 2228 rebus
516 2184 664 2227 affecti
700 2185 958 2237 mollitiem,
987 2184 1259 2242 facilemque
1286 2184 1482 2240 ingenii,
1514 2184 1683 2226 alienas

200 2257 351 2300 subito
400 2270 619 2315 personas
674 2256 902 2299 induentis
955 2260 997 2298 et
1050 2255 1332 2314 arripientis,
1389 2255 1682 2297 transforma-

141 2383 145 2385 Δ
199 2328 384 2371 tionem.

259 2399 360 2442 Non
401 2402 554 2442 autem
594 2398 807 2441 defuere³
836 2413 917 2440 nec
947 2397 1133 2450 desunt,
1171 2413 1222 2441 ac
1260 2397 1530 2454 praesertim
1567 2397 1684 2439 inter

244 2534 274 2567 1.
299 2533 383 2572 Quid
409 2545 427 2565 a
452 2533 624 2564 Theocrito
654 2533 797 2564 hauserit
822 2531 983 2571 Vergilius
1014 2532 1046 2562 iu
1073 2532 1298 2563 describendis
1326 2532 1410 2562 ruris
1437 2531 1684 2562 amoenitatibus

202 2581 345 2613 ostendit
365 2582 528 2620 Gemma,
551 2582 730 2620 Quatenus
757 2581 791 2610 in
817 2579 979 2620 epillzeh‘s
1006 2578 1179 2621 Vergilius
1200 2579 1357 2610 imitatus
1383 2579 1428 2610 sit
1451 2578 1680 2615 Theocritum,

241 2677 272 2708 2.
298 2676 481 2714 Summi-s,
510 2676 598 2713 Vita,
620 2682 656 2706 11ο
678 2675 727 2706 46.

241 2723 272 2756 3.
295 2723 444 2762 Nmecna,
466 2724 550 2754 Hz'st.
574 2732 672 2760 rom„
696 2722 788 2753 trad.
808 2722 856 2762 fr.
879 2720 919 2751 (Ie
937 2721 1096 2756 Gorssrim'.
1120 2723 1140 2751 t.
1168 2721 1190 2759 1,
1214 2731 1244 2760 p.
1266 2720 1327 2751 -276
1344 2730 1349 2751 :
1369 2735 1382 2748 ιι
1407 2720 1498 2751 Nous
1525 2719 1682 2760 n’cpron-

201 2781 283 2802 vons
302 2780 369 2812 que
389 2773 466 2810 trop
483 2768 800 2811 (Iesassre'ablemenl
819 2767 969 2799 commen
990 2777 1056 2808 pen
1085 2766 1114 2797 le
1133 2768 1231 2808 poblo
1249 2778 1268 2798 (ι
1291 2769 1399 2798 re'ussi
1419 2770 1438 2798 ι’(
1459 2768 1550 2807 filie-e
1571 2766 1612 2797 ‘lc
1632 2776 1683 2797 ces

202 2818 346 2855 ambr-es,
365 2818 406 2850 cle
428 2828 480 2849 ces
501 2828 617 2855 nonis,
638 2816 811 2857 azarqzcels
832 2815 856 2846 ἱί
880 2816 930 2846 lm·
948 2815 1071 2856 fallas!
1085 2815 1219 2846 donner
1240 2826 1287 2846 un
1303 2817 1494 2849 caraclbw.
1516 2815 1574 2845 (ltus-
1594 2816 1683 2845 alfes

167 2894 171 2896 .
202 2866 336 2897 animes
355 2876 480 2897 comme
501 2865 547 2896 les
564 2864 660 2896 laee'ros
675 2864 890 2895 (Z'Homi‘re...
915 2864 994 2903 [Son
1014 2863 1124 2903 [jener]
1149 2864 1237 2894 e‘lm't
1254 2873 1385 2903 paarre
1405 2873 1443 2893 (²11
1463 2863 1643 2893 effutiens.
1668 2874 1681 2888 υ

242 2913 396 2952 Panare,
418 2914 513 2944 Ro'm.
537 2910 761 2954 Mytlwloyiffi
783 2914 832 2942 3²e
854 2910 977 2951 ΔΗΓ-(1.,
999 2911 1034 2942 B.
1058 2910 1101 2950 Il,
1121 2920 1151 2950 p.
1170 2910 1306 2941 318-319
1323 2920 1329 2940 :
1347 2924 1360 2938 «
1384 2909 1503 2952 l'e'sffl‘ls
1524 2907 1679 2945 Αειισὶιῐι»,
