1889 3319
256 195 339 239 130
812 211 912 240 PARS
944 211 1187 241 POSTERIOR.

251 340 359 369 nere
387 326 649 369 extrahere¹
679 330 882 380 conatur,
920 342 1003 369 nec
1043 327 1128 371 nisi
1163 327 1379 371 deficiens
1413 328 1618 372 habenas
1657 330 1741 372 im-

251 397 403 449 mittit,
444 397 502 440 ad
540 401 800 456 terramque
829 416 849 437 «
879 413 970 441 non
997 401 1159 457 sponte
1187 399 1286 442 fluit
1315 418 1335 439 ›>
1366 400 1495 458 quasi
1523 401 1638 443 mori
1667 417 1742 444 cu-

250 470 346 527 piat
375 469 538 511 bellico
565 484 683 527 equo
711 469 951 512 considens
973 470 1002 512 ².
1036 469 1135 512 Non
1161 470 1257 523 illa,
1289 472 1404 514 sicut
1440 471 1563 530 apud
1605 471 1743 524 Quin-

250 543 347 582 tum
374 539 710 595 Penthesilea³,
736 540 965 583 desiderio
986 541 1099 583 lucis
1134 542 1263 584 citius
1296 543 1487 585 amissae
1515 543 1738 588 adficitur.

251 610 374 652 Nihil
400 610 540 662 aliud,
571 611 769 653 animam
798 611 1021 662 efflatum,
1053 626 1190 669 quam
1217 612 1274 654 de
1307 612 1428 655 bello
1456 613 1645 669 cogitat3
1676 613 1743 656 ul-

248 681 411 724 timum
436 682 657 724 verbum‘·
685 686 767 736 est,
797 682 854 725 de
883 682 1178 737 arcessendo,
1211 686 1260 725 ut
1287 697 1467 742 pugnae
1508 683 1736 736 succedat,

249 751 423 806 Turn0;
455 753 706 812 ultimoque
736 757 861 796 motu

884 892 992 917 arma
1014 883 1201 925 relinquit
1214 884 1238 917 ⁵.

308 996 490 1039 Nullam
529 997 740 1055 equidem
769 998 812 1039 in
853 997 1184 1056 cujuscumque
1227 998 1327 1040 aevi
1370 998 1559 1056 poeticis
1594 998 1742 1056 operi-

246 1066 349 1120 bus,
380 1095 437 1099 ——
465 1069 547 1110 nisi
574 1069 762 1111 forsitan
792 1070 836 1111 in
866 1069 1060 1111 heroicis
1097 1068 1353 1112 Suevorum
1381 1073 1458 1112 aut
1494 1069 1740 1113 Germano-

245 1153 346 1181 rum
377 1138 662 1182 Saxonumve
691 1141 999 1194 cantibus⁶‚-
1020 1144 1109 1182 tam
1138 1141 1363 1183 sincerum
1387 1141 1627 1194 exstitisse,
1645 1144 1738 1183 tam

246 1210 478 1267 integrum
518 1215 577 1263 et,
608 1216 657 1254 ut
694 1212 753 1254 ita
794 1211 966 1265 dicam,
998 1227 1175 1255 merum
1203 1230 1223 1250 «
1257 1212 1504 1254 hellatricis
1535 1230 1555 1251 »
1586 1226 1737 1254 exem-

245 1281 360 1339 plar,
403 1297 541 1340 quam
576 1283 655 1325 illa
688 1298 714 1325 a
740 1283 963 1340 Vergilio,
1007 1302 1026 1321 «
1069 1284 1341 1327 suavissimo
1386 1287 1522 1341 poeta
1573 1301 1592 1322 »
1635 1282 1737 1325 des-

246 1354 391 1412 cripta
419 1369 636 1412 persona;
668 1355 739 1397 cui
767 1355 954 1413 quidem
978 1370 1083 1398 vere
1112 1354 1327 1397 idoneum
1356 1369 1519 1397 nomen
1548 1370 1574 1398 a
1599 1358 1735 1413 poeta

244 1425 344 1483 ipso
365 1425 646 1484 impositum,
665 1441 768 1469 cum
790 1427 847 1469 ab
876 1441 928 1469 eo
944 1427 1205 1486 appellatur
1226 1445 1246 1465 «
1263 1426 1494 1470 horrenda
1508 1427 1637 1482 virgo
1653 1427 1681 1469 ⁷.
1711 1444 1731 1466 »

286 1573 315 1607 1.
337 1574 434 1612 Aen„
456 1575 511 1613 XI,
532 1574 604 1607 816.
641 1593 680 1598 —
712 1575 807 1616 Apud
839 1576 979 1614 Quinum
1001 1575 1043 1615 (1,
1065 1576 1139 1614 655)
1168 1575 1310 1607 Achilles
1336 1576 1433 1607 telum
1463 1585 1480 1607 e
1508 1575 1734 1607 Penthesileae

242 1631 377 1662 corpore
397 1623 508 1654 trahIt.

282 1670 312 1702 2.
334 1670 428 1710 Apud
451 1670 591 1708 Qrmrmi
613 1671 649 1711 (Ι,
671 1670 744 1709 628)
768 1671 971 1701 Penthesilea
991 1680 1062 1702 cum
1097 1672 1198 1712 magis
1224 1671 1360 1702 feminea
1386 1671 1604 1712 languideque
1626 1671 1731 1702 molli-

238 1716 281 1747 tia
303 1718 399 1748 cudit.
423 1718 467 1748 De
485 1728 547 1759 quo
569 1719 634 1751 vid.
658 1718 912 1756 ΞΑιΝτε-Βευνε,
937 1719 1090 1758 Quintus
1119 1718 1159 1750 de
1180 1719 1325 1760 Smyrne
1345 1722 1376 1750 et
1403 1719 1649 1758 Counmvmux,
1673 1729 1727 1760 op.

235 1764 302 1803 cit.,
320 1775 349 1805 p.
368 1765 429 1796 326
452 1776 520 1807 sqq.

276 1812 307 1844 3.
334 1812 482 1850 QUINTUS,
502 1814 526 1851 Ι,
544 1813 603 1845 604
625 1823 694 1854 sqq.

275 1859 304 1890 4.
328 1862 427 1899 Aen,
445 1861 499 1898 XI,
516 1861 666 1892 825-827.

273 1907 302 1939 5.
326 1908 423 1946 Aen„
445 1908 500 1945 XI,
522 1908 594 1940 830.
626 1908 777 1949 Spurium
795 1908 920 1948 judicat
947 1909 1137 1940 ΡεεηικΑΜΡ
1168 1918 1231 1940 non
1263 1908 1367 1939 solum
1396 1908 1617 1949 insequentem
1648 1918 1721 1941 ver-

232 1964 301 1985 sum
325 1965 332 1986 ζ

566 2004 688 2038 Vitaque
707 2012 772 2030 cum
790 2003 900 2039 gemitu
919 2004 994 2038 sugit
1011 2004 1160 2039 indIgnata
1180 2003 1236 2030 sub
1254 2003 1401 2038 umbras,-

228 2103 322 2134 quem
344 2093 584 2134 grammaticum
610 2094 769 2133 quendam
794 2094 842 2124 vet
864 2108 877 2121 «
902 2094 1053 2125 lectorem
1081 2095 1217 2125 otiosum
1239 2107 1252 2121 »
1277 2104 1293 2124 e
1317 2094 1387 2131 XII,
1411 2093 1473 2124 952
1498 2094 1560 2124 huc
1583 2097 1723 2125 transtu-

228 2141 304 2172 lisse
328 2151 388 2171 non
412 2150 510 2181 nego;
527 2159 564 2163 —
584 2142 638 2172 sed
665 2145 696 2172 et
716 2142 835 2182 prioris
858 2142 973 2173 finem:
999 2156 1013 2170 «
1033 2152 1121 2173 arma
1133 2142 1319 2182 relinquens
1340 2154 1354 2169 »
1372 2151 1467 2183 quem
1489 2144 1615 2182 egomet
1632 2142 1723 2173 desi-

228 2189 349 2220 derabo
372 2189 398 2219 si
422 2189 634 2229 interpolatus
656 2190 895 2221 demonstratus
909 2190 979 2220 erit.
993 2208 1034 2213 —-
1054 2190 1178 2221 Probus
1193 2199 1230 2220 ac
1253 2189 1388 2220 forsitan
1411 2189 1554 2220 Donatus
1573 2189 1722 2230 legebant

229 2235 447 2277 relinquunt,
473 2237 516 2267 ita
537 2240 640 2267 tamen
672 2237 872 2277 explicantes
902 2238 990 2269 velut
1011 2238 1037 2268 si
1060 2238 1210 2278 passivus
1234 2238 1325 2268 verbi
1354 2247 1469 2268 sensus
1491 2240 1578 2268 esset
1606 2247 1642 2268 ac
1665 2247 1720 2268 va—

227 2284 307 2316 leret
327 2285 405 2315 illud
423 2294 522 2325 aeque
549 2294 586 2315 ac
604 2299 618 2313 «
642 2285 833 2316 ceciderunt
854 2295 952 2316 arma.
975 2298 989 2312 n
1018 2285 1229 2328 Relinquens
1250 2285 1346 2317 codd.
1367 2285 1560 2325 superstites
1580 2285 1721 2326 (praeter

228 2331 404 2362 Romanum
423 2342 429 2362 ε
454 2331 624 2374 reliquit).
644 2332 763 2363 Neutra
784 2333 882 2373 igitur
896 2333 1008 2363 harum
1032 2333 1226 2364 variantium
1247 2333 1422 2363 lectionum
1443 2342 1558 2363 sensus
1579 2342 1719 2363 commu-

226 2381 310 2411 niter
330 2383 479 2420 receptus
501 2383 640 2411 mutatur
659 2380 719 2420 (Cf.
742 2381 896 2411 Foafflossn
914 2384 945 2411 et
965 2380 1387 2420 COMNGTON-NETTLESHIP.)

267 2428 296 2458 6.
319 2428 416 2464 Aen„
439 2427 492 2464 XI,
516 2427 575 2459 507
599 2437 605 2458 :
627 2428 755 2458 Turnus
776 2429 814 2459 ad
839 2429 929 2467 baec,
952 2429 1064 2459 oculos
1086 2429 1247 2460 horrenda
1269 2429 1300 2459 in
1323 2429 1448 2469 vIrgine
1471 2428 1610 2458 fixus.-
1630 2427 1714 2460 664:

226 2474 324 2512 Quem
341 2475 402 2505 telo
424 2475 571 2514 primum,
593 2485 685 2515 quem
709 2479 914 2516 postremum,
935 2486 1051 2516 aspera
1072 2478 1174 2517 firgo,
1199 2476 1342 2516 Dejicis?
1362 2494 1400 2498 —
1423 2476 1509 2507 Licet
1527 2476 1717 2507 admiratio-

223 2531 294 2553 nem
315 2532 441 2563 quoque
463 2526 493 2553 et
512 2524 751 2554 venerationem
773 2525 904 2554 verbum
922 2537 936 2552 «
964 2524 1147 2555 horrendus
1168 2537 1181 2551 »
1204 2524 1364 2554 interdum
1392 2522 1564 2563 significet,
1585 2524 1715 2564 saepius

223 2572 326 2600 tamen
348 2571 492 2601 adtectus
513 2580 568 2601 eos
587 2571 719 2607 indicat,
741 2581 821 2612 quos
844 2572 961 2612 gattico
983 2573 1081 2603 verbo
1103 2586 1117 2600 «
1141 2572 1287 2603 hort-eur
1309 2584 1323 2598 υ
1346 2572 1578 2611 intellegimus·

263 2617 293 2649 7.
316 2617 350 2648 E.
373 2627 417 2658 g.‚
439 2617 631 2659 Brynhild.
660 2618 819 2650 Gudrun.
