1889 3319
705 227 834 257 CAPUT
867 226 1064 257 TERTmM.
1573 210 1626 252 71

139 343 366 400 intellegit
391 357 529 401 quam
556 357 692 399 aegre
729 361 749 382 «
779 344 950 401 optima
976 342 1118 384 Dido¹
1150 360 1169 381 »
1200 341 1353 383 latura
1392 340 1449 382 sit
1478 357 1498 378 «
1534 342 1630 382 tan-

141 419 210 459 tos
253 429 431 458 amores
483 415 655 472 rumpi;
702 432 721 453 »
764 418 822 467 et,
869 415 905 456 si
950 429 1038 456 non
1084 413 1277 464 invenit,
1327 411 1506 470 quaerit
1546 410 1632 453 sal-

142 490 234 530 tem
267 487 362 529 vias
401 500 492 544 quo
532 486 709 527 mitiore
749 490 792 528 et
831 485 1137 528 mansuetiore
1176 483 1311 527 modo
1351 483 1529 525 tristem
1565 481 1631 524 illi

142 558 259 601 serat
283 557 494 600 nuntium
525 571 533 600 :

392 700 493 732 Heu!
515 697 608 739 quid
623 699 737 739 agat?
757 706 832 739 quo
853 706 957 730 nunc
977 697 1152 739 reginam
1172 697 1323 730 ambire
1343 695 1541 729 furentem

350 752 504 786 Audeat
522 751 665 784 affatu?
686 759 785 792 quae
807 750 932 792 prima
952 751 1108 784 exordia
1125 752 1281 783 sumat?

350 808 480 847 Atque
499 805 677 839 animum
700 813 805 837 nuuc
823 805 898 837 huc
918 805 1100 845 celerem,
1123 813 1227 836 nunc
1246 803 1383 836 dividit
1406 803 1510 844 illuc,

350 861 392 893 In
413 862 623 901 partesque
644 858 744 899 rapit
769 858 909 897 varias,
934 866 1074 899 perque
1094 857 1227 890 omnia
1248 860 1418 890 versat...

354 913 457 946 Haec
477 912 689 946 alternanti
712 911 837 953 potior
859 911 1057 945 sententia
1078 911 1159 944 visa
1180 914 1279 944 est...

411 966 666 1000 Tentaturum
683 965 815 998 aditus
836 968 874 998 et
894 973 994 1007 quae
1017 964 1249 998 mollissima
1270 963 1379 997 fandi

353 1021 560 1062 Tempora;
583 1019 672 1061 quis
692 1019 809 1052 rebus
830 1018 965 1052 dexter
982 1018 1162 1051 modus...

145 1145 295 1203 Atque
323 1144 402 1187 ubi
428 1145 592 1188 iratam
617 1149 661 1188 et
687 1144 978 1204 desperatam
1005 1144 1144 1198 videt,
1174 1148 1271 1187 tum

730 1286 851 1320 lenire
867 1286 1069 1320 dolentem

359 1339 524 1374 solando
549 1339 655 1382 cupit
675 1342 714 1374 et
734 1340 849 1373 dictis
864 1342 1037 1373 avertere
1059 1347 1190 1380 curas;

149 1470 193 1510 et
217 1467 305 1510 nisi
332 1466 465 1520 Dido,
498 1484 518 1506 «
545 1465 747 1509 medium
775 1479 1032 1509 sermonem
1057 1483 1076 1504 »
1107 1464 1204 1521 ejus
1234 1482 1253 1503 «
1284 1463 1568 1522 abrumpens
1595 1482 1632 1518 »,

149 1552 247 1582 sese
279 1556 299 1578 «
331 1553 384 1581 ex
411 1538 554 1599 oculis
586 1555 606 1579 »
638 1538 851 1592 auferret,

356 1680 542 1723 linquens
563 1680 689 1714 multa
710 1683 817 1713 metu
837 1682 1088 1713 cunctantem
1114 1681 1153 1712 et
1175 1678 1286 1710 >multa
1305 1681 1494 1720 parantem

357 1735 490 1776 dicere,

149 1859 372 1903 forsitan²
403 1861 480 1903 ille
512 1860 698 1904 tandem
733 1875 755 1903 e
788 1860 1016 1903 laboranti
1055 1858 1339 1915 sollicitaque
1379 1860 1530 1899 mente
1559 1871 1642 1899 sua

150 1931 312 1976 solatia
338 1931 593 1974 excudisset
621 1947 688 1985 ea,
716 1946 832 1990 quae
862 1931 1145 1986 mitigantem
1173 1929 1396 1971 haberent
1423 1932 1466 1970 et
1494 1927 1643 1971 effica-

151 2017 250 2046 cem
286 2003 627 2060 aegritudinum
666 2003 996 2045 levationem...
1038 2000 1203 2059 Utique
1244 2000 1384 2055 igitur
1421 2014 1510 2042 non
1537 2000 1642 2056 jure

151 2074 239 2117 dici
260 2079 425 2133 potest,
454 2075 567 2117 nihil
594 2075 778 2118 omnino
806 2073 1082 2116 commoveri
1107 2071 1420 2128 Vergilianum
1435 2071 1638 2124 heroem,

151 2160 235 2188 nec
261 2147 507 2204 quicquam
534 2146 782 2189 admodum
809 2160 946 2201 agere
974 2148 1024 2187 ut
1049 2144 1278 2195 dolorem,
1309 2158 1445 2201 quam
1476 2161 1496 2183 «
1526 2142 1643 2185 invi—

153 2220 225 2260 tus
255 2234 277 2258 »·
306 2217 449 2271 affert,
479 2218 632 2260 leniat.
651 2216 770 2260 Illud
801 2216 986 2259 demum
1012 2215 1118 2258 licet
1144 2215 1322 2273 opinari
1348 2229 1452 2257 eum
1479 2228 1643 2273 parum

155 2288 338 2331 dextere
365 2303 463 2332 rem
488 2292 684 2332 tractare
712 2287 919 2331 arduam.

198 2449 227 2482 1.
251 2448 305 2488 IV,
326 2449 398 2482 291.

196 2497 226 2529 2.
251 2496 305 2535 1V,
325 2497 478 2530 390-391.
501 2497 696 2528 Benevolam
717 2496 811 2526 istam
832 2496 1049 2535 conjecturam
1069 2497 1196 2525 mutuor
1216 2494 1256 2526 ab
1280 2503 1377 2535 opere
1398 2494 1448 2524 cui
1466 2493 1578 2525 titulus
1598 2496 1647 2524 est

156 2556 172 2572 «
194 2544 443 2576 Dz‘ssercatz'ons
474 2555 517 2576 on
543 2543 660 2586 Vz'ryil,
686 2543 727 2583 by
759 2543 976 2573 Hetnswonru
1006 2541 1077 2572 and
1109 2541 1238 2572 stamen.
1264 2555 1278 2569 »
1300 2541 1470 2572 Nonnullis
1499 2541 1594 2571 etiam
1614 2541 1646 2570 in

156 2590 335 2630 codicibus,
359 2602 416 2623 nec
437 2591 679 2623 contemnendis
703 2591 754 2629 (de
776 2599 837 2630 quo
866 2599 896 2620 v.
918 2589 1051 2619 fimena<
1072 2592 1103 2619 et
1124 2588 1293 2627 Foneioen,
1321 2589 1341 2619 i.
1366 2588 1396 2619 h.
1419 2588 1478 2627 κη),
1504 2588 1618 2627 legitur
1638 2596 1645 2617 ε

157 2650 172 2666 «
190 2639 288 2670 multa
303 2638 467 2670 volentem
489 2639 597 2670 dicere
618 2652 645 2675 n,
668 2648 729 2668 non
749 2652 762 2665 «ι
788 2637 886 2667 innita
905 2639 1128 2676 parantem...
1149 2649 1163 2663 »
1183 2636 1326 2666 Forsitan
1338 2637 1524 2676 parantem
1545 2635 1650 2674 scrip-

158 2695 228 2716 sere
255 2687 391 2718 lectores
419 2687 561 2728 quidam,
594 2695 709 2717 versus
738 2686 819 2716 Aen.
845 2685 878 2720 ΙΙ,
901 2684 960 2716 791
991 2694 1159 2723 memores,
1183 2685 1236 2714 ubi
1261 2693 1387 2724 quoque
1409 2685 1534 2713 Aeneas
1555 2682 1649 2712 hiscit

158 2742 195 2764 ac
215 2734 299 2765 silet.
325 2735 439 2766 Nescio
460 2737 584 2775 egomet
604 2743 641 2763 an
663 2739 751 2763 recto
773 2732 1043 2762 c==rrectu1nillud
1066 2731 1172 2766 fuerit,
1194 2731 1220 2761 si
1243 2734 1422 2761 cornetum
1444 2730 1512 2761 fuit.
1537 2728 1649 2769 Vergi-

158 2780 221 2812 lius
250 2782 422 2813 facundum
449 2783 553 2813 facere
581 2781 711 2811 heroem
739 2790 830 2810 suum
859 2780 1037 2820 potuisset,
1070 2789 1142 2810 cum
1173 2782 1204 2810 et
1237 2779 1417 2819 exemplum
1444 2776 1650 2818 Apolloniani

158 2828 288 2860 Jasonis
318 2833 392 2861 ante
423 2830 534 2861 oculos
562 2829 707 2865 haberet,
737 2837 831 2868 quem
851 2827 933 2858 Juno
968 2826 1114 2867 loquelae
1140 2826 1304 2859 illecebris
1331 2826 1518 2857 donaverat.
1540 2825 1650 2865 Neque

160 2877 245 2907 enim
271 2877 397 2908 inficete
420 2877 566 2908 Medeam
595 2876 780 2916 alloquitur.
802 2875 930 2905 Aeneae
952 2883 1028 2905 vero
1054 2874 1255 2906 orationibus
1282 2874 1522 2915 imperatoriam
1548 2881 1648 2913 quan-

161 2923 234 2955 dam
251 2931 282 2955 et
300 2933 464 2956 romanam
488 2924 679 2956 brevitatem
697 2923 803 2954 inesse
824 2922 923 2953 multo
944 2921 1045 2962 magis
1066 2921 1185 2954 decuit.
