1889 3319
242 177 297 219 66
848 193 949 223 PARS
982 195 1121 225 pmcn.

243 306 378 349 etiam
406 307 608 350 assensio
636 309 930 363 concilietur;
961 311 1085 368 quod
1111 314 1264 354 autem
1290 326 1382 369 qua
1407 311 1582 354 ratione
1609 326 1727 356 asse-

241 381 421 435 quatur,
452 393 571 421 nunc
598 379 909 435 indagandum
938 385 1020 424 est.

304 447 487 492 Scilicet
518 450 563 492 in
602 449 689 493 hoc
715 452 914 509 primum
941 453 1213 496 immoratur
1239 456 1409 512 quanto
1437 469 1536 497 cum
1565 454 1727 498 ardore

215 519 358 572 ‚Dido
403 520 603 563 Deorum
638 523 817 565 veniam
856 523 1102 582 impetrare
1148 528 1349 567 conetur.
1397 525 1556 568 Annae
1587 526 1728 583 igitur

243 591 430 635 consilia
458 606 636 636 summo
664 594 839 638 studi0¹
870 595 1093 653 amplexa,
1125 596 1319 639 delubra
1345 596 1458 649 adit,

759 731 972 764 pacemque
991 731 1058 764 per
1077 732 1164 757 aras

240 835 452 892 exquirit,
483 835 756 893 multasque,
788 836 1155 895 quibuscumque
1182 838 1276 880 Diis
1305 843 1408 881 sunt

758 965 881 999 vincla
896 966 1045 1008 jugalia
1064 976 1190 1010 curae,

238 1078 446 1122 victimas
486 1079 712 1130 immolat,
766 1080 905 1138 idque
951 1095 1041 1122 non
1087 1082 1227 1124 semel
1267 1083 1599 1135 tantummodo,
1646 1084 1726 1126 sed

242 1168 262 1190 «
293 1150 414 1192 diem
442 1150 571 1193 donis
593 1151 860 1194 instaurat?
895 1170 914 1190 ›>
945 1151 1061 1203 Quin
1091 1154 1243 1201 etiam,
1276 1169 1363 1196 non
1393 1154 1539 1196 solum
1567 1170 1727 1213 precan

238 1224 327 1273 tur,
358 1221 439 1264 sed
476 1223 727 1278 interrogat
764 1223 842 1264 illa
880 1222 1014 1275 Deos,
1059 1227 1100 1266 et
1140 1224 1311 1267 sciendi
1353 1226 1524 1268 scilicet
1562 1226 1727 1284 cupida

240 1293 424 1351 quando
453 1293 538 1336 sibi
567 1298 750 1352 praesto
783 1294 936 1336 futura
971 1295 1026 1337 sit
1054 1297 1230 1339 occasio
1259 1311 1391 1339 suum
1426 1297 1606 1340 Aeneae
1640 1299 1727 1357 ipsi

239 1379 441 1408 amorem
468 1365 728 1423 profitendi,
761 1384 780 1405 «
811 1366 1041 1424 pecudum
1068 1368 1256 1410 reclusis

488 1495 710 1536 pectoribus
730 1495 884 1528 inhians
906 1496 1096 1538 spirantia
1113 1496 1284 1530 consulit
1306 1500 1407 1531 exta.
1430 1508 1448 1527 »

301 1607 448 1661 Quam
475 1623 584 1651 vero
623 1609 683 1652 ob
723 1625 819 1653 rem
848 1613 973 1654 tanto
1001 1626 1103 1654 cum
1132 1610 1304 1663 studio,
1337 1614 1462 1653 tanta
1489 1625 1591 1653 cum
1619 1626 1725 1655 con-

238 1680 439 1722 tentione
488 1679 712 1723 Didonem
751 1681 869 1723 Deos
916 1682 1264 1737 efssagitantem,
1308 1683 1422 1724 votis
1469 1686 1722 1739 urgentem,

238 1765 374 1808 prece
402 1750 696 1805 ambientem,
721 1756 856 1811 poeta
883 1754 1014 1796 nobis
1037 1754 1268 1797 ostendit?
1289 1753 1463 1812 Nempe
1486 1754 1610 1796 aliud
1637 1769 1726 1797 non

237 1821 314 1864 ille
343 1822 440 1865 vult
478 1838 616 1880 quam
653 1824 832 1867 facilem
871 1825 1130 1881 legentibus
1169 1825 1266 1867 fieri
1307 1825 1630 1881 conjecturam,
1674 1841 1726 1869 eo

234 1892 331 1949 jam
373 1908 665 1952 progressam
709 1911 806 1939 esse
851 1912 1064 1939 vesanam
1106 1897 1344 1939 mulierem
1386 1901 1433 1939 ut
1474 1897 1569 1952 jam
1611 1898 1726 1940 votis

239 1965 349 2018 suis,
379 1967 573 2008 maxime
604 1967 765 2009 vividis
799 1983 850 2010 ac
890 1968 1093 2019 sinceris,
1125 1983 1212 2010 non
1240 1983 1374 2026 posse
1409 1983 1497 2010 non
1537 1983 1726 2026 respon-

238 2035 346 2077 dere
375 2036 492 2078 Deos
521 2052 575 2079 ne
619 2037 797 2080 dubitet
830 2039 1041 2097 quidem,
1074 2040 1289 2097 illamque
1318 2039 1500 2081 amandi
1528 2040 1722 2093 veniam,

237 2110 475 2165 tantopere
503 2109 795 2166 postulatam,
823 2110 1042 2166 jamnunc
1064 2110 1247 2153 tandem
1269 2110 1354 2152 sibi
1381 2110 1598 2153 tributam
1627 2125 1725 2153 esse

238 2177 359 2220 bona
378 2178 467 2221 fide
495 2180 649 2222 credat
664 2181 692 2222 ³.

280 2309 310 2340 1.
335 2308 381 2340 De
403 2309 537 2341 Didonis
557 2320 633 2351 erga
649 2311 726 2342 deos
747 2312 876 2351 pietate,
899 2312 940 2342 cf.
958 2312 1056 2348 Aen„
1076 2311 1100 2349 Ι,
1122 2311 1180 2342 731
1203 2320 1292 2352 sqq.;
1312 2311 1365 2348 IV,
1386 2311 1426 2342 25
1447 2321 1515 2352 sqq.
1538 2312 1590 2351 58,
1612 2311 1680 2343 492.

279 2356 310 2389 ⁶2.
334 2356 404 2387 Non
440 2358 558 2397 optime
595 2359 745 2396 intellego
778 2369 834 2389 cur
865 2360 894 2389 in
929 2369 965 2390 eo
1004 2360 1073 2389 loco
1114 2362 1235 2389 tanturn
1271 2358 1495 2390 insudaverint
1532 2360 1725 2399 interpretes

239 2405 282 2441 (v.
296 2405 403 2435 varias
424 2405 634 2445 interpretum
655 2407 825 2446 opiniones
843 2417 860 2437 a
881 2407 1035 2437 Fonssicssn
1057 2410 1088 2437 et
1118 2406 1296 2437 Coxffiorox
1325 2407 1553 2447 enumeratas).
1583 2407 1726 2438 Instau-

238 2455 296 2483 ναί
328 2453 417 2483 diem
446 2453 546 2483 (lonis
578 2464 634 2493 per
666 2455 825 2494 quandam
859 2453 1072 2495 Ityspallayen
1095 2456 1125 2484 et
1144 2453 1281 2494 ellipsin
1304 2454 1423 2484 dietum
1444 2458 1508 2490 est,
1532 2464 1589 2494 pro
1620 2467 1634 2482 «
1658 2457 1722 2485 1115-

240 2502 362 2531 taurat
381 2499 473 2531 (Iona
494 2510 619 2541 quoque
641 2503 888 2541 superveniente
915 2502 980 2533 die.
1008 2514 1021 2529 »
1047 2516 1060 2529 «
1096 2500 1170 2532 Elle
1191 2500 1384 2532 renomelle
1405 2501 1540 2542 chaque
1561 2502 1650 2543 ¹jour
1672 2512 1725 2533 ses

236 2548 421 2589 sacrifices,
450 2560 463 2575 »
497 2548 603 2588 Neque
635 2549 712 2579 haec
745 2559 815 2579 011111
849 2553 1016 2587 contextu,
1039 2549 1088 2579 vel
1110 2559 1181 2579 cum
1202 2550 1291 2579 verbi
1315 2549 1517 2580 instaurare
1539 2550 1633 2580 solito
1663 2560 1723 2580 usu

238 2605 299 2626 non
320 2596 456 2635 quadrat
476 2596 709 2636 interpretatio.
734 2597 842 2633 Dona,
864 2597 883 2627 i.
905 2607 931 2629 e.
956 2597 1127 2633 sacrificia,
1150 2597 1232 2627 sicut
1257 2599 1341 2627 recte
1369 2596 1593 2629 thmffluca.

277 2643 308 2674 3.
334 2642 467 2673 Multum
488 2642 622 2674 haesere
652 2647 682 2674 et
714 2654 798 2674 nunc
826 2644 931 2675 adhuc
957 2644 1090 2674 haerent
1122 2644 1314 2684 interpretes
1346 2643 1376 2674 in
1406 2645 1465 2675 hoc
1492 2653 1587 2675 versu
1608 2644 1642 2683 (1.
1665 2644 1722 2682 IV,

236 2700 268 2722 v.
289 2690 342 2730 65)
365 2700 371 2721 ι

545 2732 623 2759 Heu!
640 2737 739 2760 vatum
758 2733 877 2768 ignarae
899 2736 1026 2759 mentes!
1051 2732 1120 2767 quid
1138 2736 1206 2759 vota
1227 2732 1386 2767 furentem,

543 2774 620 2806 Quid
635 2774 757 2801 delubra
774 2775 900 2809 juvant?

238 2846 329 2885 cujus
346 2846 457 2876 videre
478 2846 552 2877 licet
565 2847 649 2886 apud
672 2846 829 2877 Foassinssa
845 2849 874 2876 et
890 2846 1069 2877 Coxnxcrox
1088 2855 1180 2886 quam
1197 2846 1305 2876 variae
1322 2846 1466 2886 prolatae
1488 2847 1551 2876 sint
1566 2847 1723 2887 interpre-

236 2893 386 2924 tationes.
403 2893 495 2924 Illum
512 2894 660 2933 equidem
681 2903 754 2924 esse
775 2903 904 2924 sensum
926 2894 1065 2924 arbitror
1086 2893 1192 2933 (quem
1214 2893 1317 2924 fusius
1339 2894 1526 2933 explicitum
1547 2894 1631 2930 volo.
1651 2904 1722 2925 eum
