1889 3319
223 190 280 235 86
827 203 928 232 PARS
961 203 1100 233 Pmon.

937 389 1000 432 XI

426 531 481 558 DE
509 529 715 558 FURENTIS
741 529 912 558 DIDONIS
938 529 1328 558 IMPRECATIONIBUS
1355 530 1406 557 ET
1433 530 1504 556 IRA

279 674 441 717 Nescio
467 689 576 717 vero
603 690 658 718 an
686 675 751 716 illi
778 674 967 718 Didonis
995 675 1190 717 dolentis
1219 678 1263 717 et
1290 674 1347 717 ad
1375 674 1709 717 submittendos

219 747 394 789 animos
430 747 569 788 nimio
606 746 763 789 dolore
792 750 974 788 coactae
1002 751 1095 788 tam
1122 749 1360 788 accuratae
1389 745 1706 803 descriptioni,

219 818 389 876 optime
417 821 636 860 consonet
663 832 730 871 ea,
762 832 878 875 quae
919 818 1126 875 sequitur
1164 832 1248 860 nec
1287 817 1437 859 minus
1476 816 1711 859 luculenta

221 892 302 941 est,
333 889 519 945 reginae
546 889 753 931 surorum
782 889 1037 946 explicatio.

277 959 475 1004 Maestus
516 961 635 1003 enim
671 960 746 1002 ille
784 959 916 1002 dolor
962 963 1004 1002 et
1039 960 1119 1002 illa
1160 961 1339 1002 attritae
1376 960 1540 1002 mentis
1580 958 1709 1017 quasi

217 1032 463 1090 prostratio
490 1035 583 1074 tam
609 1031 727 1074 bene
754 1035 852 1073 tum
875 1030 973 1086 ejus
994 1031 1138 1089 ipsius
1161 1030 1326 1074 indolis
1348 1030 1705 1084 accommodata,

218 1117 321 1146 cum
360 1102 586 1146 humanae
621 1102 743 1145 omni
770 1107 958 1144 naturae
988 1106 1295 1145 consentanea
1320 1103 1450 1145 nobis
1479 1102 1706 1154 videntur,

217 1178 267 1217 ut
298 1175 371 1217 vix
407 1175 593 1217 credere
630 1174 856 1232 possimus
893 1173 1086 1216 eandem
1124 1174 1252 1216 illam
1286 1174 1527 1216 mulierem
1572 1173 1709 1231 paulo

216 1249 321 1303 post
352 1245 629 1288 debacchari
661 1259 805 1302 usque
845 1244 959 1287 adeo
987 1260 1136 1303 posse.
1170 1244 1387 1296 Quamvis
1414 1245 1487 1287 vel
1514 1244 1708 1287 maxime

215 1317 333 1360 inter
365 1332 412 1361 se
446 1317 758 1375 discrepantes
798 1315 1003 1358 adfectus
1034 1317 1273 1374 propiores
1310 1317 1387 1359 alii
1422 1316 1521 1359 aliis
1548 1329 1708 1358 revera

216 1402 457 1446 erumpere
486 1388 677 1440 soleant,
707 1387 916 1444 quamvis
944 1386 1082 1430 effera
1109 1388 1165 1430 sit
1188 1387 1305 1430 Dido

616 1520 791 1551 mentem
811 1521 971 1561 <qne>
991 1518 1145 1551 insania
1169 1521 1311 1559 mutet;

215 1632 424 1690 quamvis
461 1632 597 1675 etiam
624 1631 870 1689 Vergilius,
911 1648 961 1676 ea
998 1648 1085 1692 qua
1115 1636 1183 1677 est
1215 1632 1431 1686 sollertia,
1468 1647 1551 1691 per
1586 1631 1707 1675 lenta

215 1703 400 1747 demum
433 1705 714 1748 incrementa
746 1705 903 1748 fecerit
936 1705 1062 1748 illam
1096 1705 1154 1748 ad
1193 1709 1393 1748 extrema
1421 1705 1588 1750 furoris
1623 1704 1706 1747 ad-

255 1852 378 1894 Enmr.,
399 1852 502 1892 Med„
522 1852 583 1885 502
605 1863 674 1894 sqq.
698 1862 704 1883 z
725 1853 797 1885 Νῦν
818 1859 873 1886 ποῖ
894 1854 1089 1895 reia-empna:
1112 1853 1244 1894 Πότερα
1263 1854 1342 1893 πρὸς
1366 1853 1487 1894 πατρὸς
1509 1855 1641 1895 δόμους,

729 1903 783 1938 οὓς
805 1903 859 1934 σοὶ
882 1905 1054 1942 προδοῦσα
1074 1902 1132 1933 καὶ
1147 1900 1274 1943 πάτραν
1296 1898 1478 1943 ἀφικόμτ,ν;

731 1947 776 1980 Ἣ
796 1949 875 1990 πρὸς
896 1948 1050 1986 ταλαίνας
1070 1948 1247 1989 Πελιάδας,
1267 1961 1298 1980 ν..
1314 1961 1341 1981 τ.
1363 1952 1392 1981 λ.

254 1996 315 2036 In.‚
346 1995 479 2038 Suppl„
508 1996 587 2028 1094
609 2006 678 2038 sqq.
704 2006 710 2027 ε
735 1997 844 2029 .....Τι’
865 1996 903 2036 δή
925 1996 989 2039 χρὴ
1012 1997 1065 2028 τὸν
1087 1996 1296 2038 ταλάιπωρόν
1319 2009 1357 2038 με
1378 1999 1477 2038 &pi-13

730 2044 878 2087 Στείχειν
895 2046 974 2086 πρὸς
991 2045 1099 2082 οἴκους

729 2092 778 2123 ’Ἡ
800 2093 880 2133 πρὸς
903 2092 1045 2133 μέλαθρα
1062 2094 1159 2124 τοῦδε
1180 2091 1365 2130 Καπανέως
1389 2094 1492 2133 μόλω,
1508 2105 1539 2124 κ.
1562 2104 1589 2125 τ.
1611 2094 1640 2125 λ.

256 2139 383 2181 ENNIUS,
404 2139 507 2178 Med„
531 2139 570 2170 fr.
591 2149 612 2170 x
629 2138 801 2180 (Ribbeck)
826 2149 832 2170 :

462 2222 526 2255 Quo
543 2230 620 2250 nunc
641 2230 686 2249 me
700 2224 834 2250 vortam?
852 2222 929 2258 quod
947 2222 1002 2250 iter
1021 2222 1158 2258 incipiam
1180 2222 1316 2259 ingredi?

461 2266 584 2292 Domum
602 2269 804 2300 paternamne‚
824 2273 898 2292 anne
916 2265 951 2292 ad
973 2264 1070 2292 Peliae
1088 2264 1183 2292 filias?

253 2342 387 2383 APOLL„
408 2342 461 2381 lv,
482 2342 543 2374 378
564 2352 613 2384 sq.
639 2352 645 2374 t
671 2349 807 2380 .....πῶς
825 2342 931 2384 ἱξομαι
952 2342 1084 2384 ὄμματα
1105 2344 1246 2385 mmm-'333
1268 2356 1299 2376 κ.
1322 2355 1348 2375 τ.
1367 2346 1395 2375 λ.

212 2425 350 2466 denique
372 2425 520 2464 Curru,
545 2435 631 2464 inv,
662 2426 796 2457 177-183
818 2436 824 2457 z
848 2427 924 2457 Nam
953 2436 1016 2467 quo
1043 2436 1091 2457 me
1116 2426 1279 2458 referam?
1301 2426 1572 2459 ...Dictaeos—ne
1600 2430 1704 2468 petam

212 2475 399 2506 montes-2...
423 2474 472 2503 An
494 2474 595 2513 patris
616 2473 770 2504 auxilium
793 2483 932 2513 sperem,
957 2477 1017 2505 etc.

253 2521 295 2552 At
311 2531 388 2552 vero
403 2524 541 2562 egomet,
554 2539 591 2542 —
607 2522 754 2561 quamvis
771 2522 801 2551 in
818 2522 879 2552 ista
894 2522 1044 2552 similium
1061 2522 1201 2552 locorum
1217 2522 1387 2553 collatione
1402 2523 1604 2553 delectentur
1619 2523 1707 2554 docti

211 2568 272 2599 viri
293 2569 349 2608 (cs.
373 2569 492 2606 Tmsor,
517 2568 683 2602 Eicmiorr,
710 2569 817 2606 Pfflx,
841 2569 1030 2606 Coxis-esox,
1050 2569 1171 2607 llexnr)
1187 2587 1238 2608 —,
1259 2570 1453 2601 imitationes
1474 2571 1544 2601 illas
1566 2580 1627 2601 non
1648 2581 1704 2610 ap-

212 2616 309 2656 pello.
333 2615 458 2656 Quippe
487 2616 536 2646 cui
568 2626 631 2647 non
655 2617 686 2646 in
707 2620 843 2647 mentem
870 2617 995 2654 veniat,
1022 2626 1179 2656 personae
1209 2619 1381 2657 cujuslibet
1409 2615 1548 2660 ἀπορίαν
1574 2619 1703 2650 descri-

211 2662 314 2703 benti,
337 2664 415 2694 haec
448 2663 534 2693 illam
568 2663 722 2694 inducere
755 2663 952 2694 dicentem«
983 2664 1052 2701 Quo
1081 2674 1129 2695 me
1155 2667 1304 2696 vertam?
1308 2678 1383 2698 .....
1406 2666 1470 2696 Cur
1503 2676 1564 2696 non
1593 2669 1624 2697 et
1652 2667 1704 2697 hic

214 2710 338 2748 citatur,
357 2713 507 2750 tanquam
528 2711 554 2740 si
574 2710 736 2750 Vergilius
752 2711 959 2749 meminisset,
979 2710 1044 2741 Caii
1061 2710 1195 2743 Gracchi
1211 2713 1295 2752 apud
1311 2712 1497 2744 Ciceronem
1513 2714 1573 2754 (De
1590 2713 1703 2751 Orat.¹

214 2757 266 2795 III,
297 2758 348 2799 56)
375 2758 588 2789 exclamatio?
614 2758 878 2798 interrogationis
907 2758 1003 2798 liujus
1030 2768 1069 2789 ne
1097 2759 1228 2790 formam
1250 2760 1381 2800 quidem
1407 2762 1569 2793 recordari
1593 2761 1703 2802 Vergi-

212 2804 290 2836 lium
316 2814 450 2837 neeesse
482 2805 551 2843 fuit,
576 2808 609 2836 ut
631 2805 788 2837 Didonem
819 2815 853 2836 se
884 2806 987 2846 ipsam
1017 2806 1049 2836 id
1076 2807 1277 2848 interrogare
1307 2809 1442 2848 sacei‘et3
1473 2810 1703 2840 sententiarum

214 2852 325 2884 saltem
342 2856 373 2884 et
392 2862 511 2890 rerum,
527 2862 608 2893 quae
629 2853 661 2883 in
682 2852 740 2884 hac
762 2853 1016 2892 interrogatione
1037 2854 1123 2894 apud
1144 2855 1270 2894 priores
1290 2859 1401 2895 poetas
1422 2858 1542 2895 insunt,
1558 2866 1703 2898 quaeque

212 2900 406 2941 praecipuae
427 2902 512 2939 sunt,
530 2899 611 2931 nihil
631 2899 686 2930 ille
705 2900 836 2931 omnino
859 2900 1034 2940 excerpsit.
