1889 3319
679 222 807 251 CAPUT
842 222 1015 251 rammi.
1537 209 1588 249 17

106 339 441 396 Ambigebatur
466 339 580 381 illud
606 354 789 398 quoque
814 341 932 382 inter
953 343 1145 391 veteres,
1170 343 1338 387 utrum,
1363 354 1389 381 a
1415 339 1591 382 Theseo

108 415 351 469 postquam
382 409 541 452 fuisset
574 409 813 463 derelicta,
852 413 1192 468 praematuram
1225 413 1419 452 mortem
1453 410 1591 468 paulo

108 485 211 539 post
239 480 348 539 (sive
375 495 400 523 a
427 480 571 523 Diana
601 482 769 533 occisa,
802 482 894 524 sive
923 481 1178 524 voluntaria
1207 480 1365 538 morte)
1405 481 1593 523 obiisset

108 568 163 596 an
203 555 381 605 contra,
422 555 675 610 superstes,
719 553 905 609 Dionysi
941 553 1060 595 facta
1096 553 1256 594 fuisset
1297 552 1369 594 vel
1407 551 1593 608 Dionysi

108 623 347 680 cujusdam
380 623 627 667 sacerdotis
661 639 786 677 uxor,
824 639 876 666 ex
911 639 1105 682 quorum
1143 624 1362 666 alterutro
1395 623 1590 675 liberos,

80 745 84 748 ³
108 700 152 739 et
176 695 277 739 illos
304 695 546 753 plurimos,
579 696 846 753 peperisset.

164 766 273 809 Inde
300 766 398 809 fieri
428 765 587 808 debuit
612 770 661 808 ut
687 767 811 809 varia
845 781 1026 824 quoque
1062 766 1392 823 multiplicique
1420 766 1593 807 ratione

107 843 150 881 et
186 839 408 881 incertum
447 839 493 880 in
535 838 721 880 modum
765 838 1072 880 delinearetur
1113 853 1137 880 a
1182 838 1327 895 poetis
1373 837 1587 879 Ariadna.

105 911 264 968 Neque
304 909 441 963 illius,
478 913 694 967 tanquam
728 909 1092 961 Andromachae,
1123 913 1333 952 constans
1367 908 1592 966 quaedam

106 981 228 1024 stetit
271 996 322 1024 ac
361 996 542 1039 semper
581 982 649 1023 sui
697 981 855 1023 similis
895 982 1074 1037 imago,
1123 996 1261 1039 quam
1303 985 1463 1038 poetae
1503 995 1591 1022 non

105 1055 402 1105 commutare,
446 1053 532 1094 nisi
571 1052 820 1103 tantillum,
863 1052 1100 1103 auderent,
1147 1052 1226 1095 sed
1267 1067 1319 1094 ea
1357 1066 1496 1109 quam
1536 1050 1593 1093 ad

102 1124 285 1166 libitum
311 1124 642 1181 unusquisque,
672 1127 809 1181 prout
845 1124 1022 1165 animus
1045 1124 1244 1175 ferebat,
1276 1123 1587 1164 informaret¹.

164 1196 279 1238 Tum
323 1210 431 1238 vero
477 1210 530 1237 ex
573 1195 723 1237 adhuc
763 1196 952 1237 servatis
995 1196 1198 1253 picturae
1241 1195 1592 1252 sculpturaeque

105 1267 412 1310 monumentis
433 1267 445 1287 ²
474 1266 742 1320 ostenditur,
775 1281 874 1309 eam
908 1282 931 1309 a
966 1267 1111 1324 poetis
1146 1281 1350 1324 quoque,
1381 1292 1438 1296 —
1473 1266 1593 1322 (nam

106 1342 268 1398 poetae
296 1337 546 1381 artificibus
575 1342 843 1394 argumenta
871 1338 1192 1396 praebebant),
1223 1364 1278 1369 —
1306 1338 1593 1396 potissimum

106 1411 244 1453 fuisse
271 1414 510 1452 tractatam
537 1409 794 1452 Ariadneae
821 1410 1003 1452 fabulae
1031 1413 1207 1468 partem
1239 1425 1327 1467 qua
1366 1409 1594 1452 Cretensis

108 1481 309 1525 heroidis
337 1480 542 1523 divinum
571 1481 837 1537 conjugium
873 1485 915 1523 et
943 1482 1134 1538 mystica
1165 1482 1210 1523 in
1242 1483 1470 1538 Superum
1509 1493 1594 1521 nu-

109 1568 286 1596 merum
307 1553 437 1611 quasi
463 1553 713 1611 assumptio
735 1552 1091 1595 celebrareturss.
1122 1552 1243 1595 Duas
1269 1552 1408 1594 fuisse
1429 1550 1594 1593 Ariad-
1649 1602 1655 1605 Δ

108 1640 213 1676 nas,
258 1625 295 1668 si
335 1624 581 1667 Plutarcho
617 1624 887 1678 credideris,
925 1639 950 1666 a
988 1624 1218 1666 nonnullis
1253 1623 1598 1666 existimabatur

108 1697 227 1739 inter
264 1696 460 1740 Graecos
495 1696 728 1755 scriptoris
762 1697 891 1739 istius
922 1696 1138 1754 aequales
1171 1711 1178 1739 :
1215 1696 1288 1737 vel
1322 1696 1472 1753 potius
1507 1694 1597 1737 duo

109 1768 294 1810 fuerunt
318 1767 547 1810 Ariadnae
575 1767 748 1820 vultus,
778 1768 919 1810 tristis
946 1768 1020 1810 hic
1048 1770 1092 1809 et
1118 1781 1416 1810 aerumnosus
1451 1769 1493 1808 et
1519 1766 1601 1808 hu-

112 1854 290 1893 manus,
322 1839 503 1882 divinus
530 1839 607 1882 ille
628 1839 641 1860 ”
666 1839 946 1897 festivusque
976 1843 1019 1882 et
1044 1840 1089 1881 in
1117 1854 1208 1897 quo
1236 1839 1406 1881 erotica
1431 1838 1602 1880 laetitia

112 1912 243 1969 quasi
281 1910 527 1954 renideret.
583 1910 721 1967 Cujus
766 1915 919 1953 autem
956 1911 1166 1953 bifrontis
1208 1910 1438 1953 Ariadnae
1483 1909 1601 1952 hanc

113 1983 264 2042 potius
296 1997 434 2041 quam
467 1982 594 2025 illam
633 1997 809 2027 amasse
852 1986 1030 2025 veteres
1065 1986 1224 2040 poetas
1262 1986 1305 2024 et
1341 1981 1600 2039 depinxisse

115 2201 178 2242 ἄρα
203 2204 283 2234 θεῶν
317 2199 514 2243 ἀντεραστής
538 2214 599 2238 μου
622 2204 795 2243 γενόμενος
820 2201 1028 2242 Καλλιρρόην
1060 2199 1243 2243 ἀπενήνοχε
1263 2202 1321 2234 καὶ
1351 2204 1406 2233 νῦν
1434 2202 1501 2242 ἔχει
1532 2201 1604 2241 μεθ’

115 2247 215 2282 asto-3
241 2249 282 2290 μὴ
309 2249 507 2282 θέλουσαν...
532 2249 631 2281 Οὕτω
658 2250 716 2281 καὶ
739 2249 877 2289 Θησέως
912 2248 1086 2290 Ἀρίαδνην
1115 2248 1261 2290 ἀφείλετο
1289 2251 1486 2286 Διόνυσος...
1511 2261 1525 2275 ‘1
1553 2248 1601 2279 Cf.

115 2297 207 2337 JAHN,
229 2307 281 2337 op.
304 2297 371 2335 cit.‚
390 2307 423 2337 p.
445 2297 505 2328 276
525 2307 595 2337 sqq.

157 2345 188 2377 1.
214 2345 344 2375 Etiamsi
372 2346 568 2375 recentiores
596 2348 709 2385 poetae
737 2345 777 2375 ab
806 2344 978 2384 Apollonio
1007 2354 1106 2385 usque
1137 2345 1177 2375 ad
1209 2344 1360 2375 Ovidium
1387 2344 1561 2374 Ariadnam
1588 2353 1607 2374 a

115 2392 240 2423 Theseo
270 2392 350 2423 male
383 2392 541 2432 proditam
578 2392 697 2431 fingere
728 2392 834 2432 potius
868 2392 1068 2428 hahuerunt,
1100 2401 1164 2422 non
1194 2392 1269 2422 inde
1303 2392 1448 2431 sequitur
1479 2392 1606 2431 priores

115 2449 242 2480 quoque
268 2440 398 2480 saepius
428 2439 509 2470 hanc
538 2439 651 2470 famam
685 2442 812 2470 secutos
841 2439 953 2469 fuisse.
997 2439 1045 2470 Cf.
1085 2440 1243 2470 Homerici
1275 2439 1474 2470 Scholiastae
1501 2439 1605 2470 Iocum

116 2497 213 2527 supra
233 2488 363 2518 citatum
380 2487 420 2518 de
441 2486 606 2528 νεωτέρων
632 2487 793 2527 opinione.

157 2535 186 2565 2.
214 2533 262 2565 Cf.
290 2534 327 2566 O.
357 2534 455 2571 JAHN,
487 2533 652 2565 Arohciol.
687 2534 866 2575 Bettrc'isse,
895 2544 926 2574 p.
964 2534 1122 2573 255-2563
1152 2534 1313 2573 257-265;
1342 2534 1485 2565 274-275
1512 2543 1602 2574 sqq,

116 2582 174 2613 281
197 2591 268 2622 sqq.

156 2628 187 2661 3.
213 2642 228 2658 «
254 2629 322 2660 Εἰη
341 2629 453 2671 qleiclz
476 2628 637 2660 beliebler
660 2629 879 2671 quenstaml
903 2631 966 2670 fili·
986 2630 1040 2661 die
1062 2630 1224 2662 bildencle
1255 2631 1366 2661 szst
1388 2631 1446 2661 wie
1466 2630 1527 2669 fiir
1550 2629 1604 2660 die

113 2677 228 2718 poesie
247 2677 306 2708 der
324 2680 474 2717 spateren
496 2677 563 2708 Zeit
582 2687 653 2708 zvar
674 2677 728 2708 <lie
743 2678 940 2717 aztharos
958 2687 1019 2708 von
1037 2678 1184 2710 Theseus
1199 2678 1391 2709 vei-lassene
1405 2677 1570 2709 Ariadne.
1589 2690 1603 2704 »

116 2725 222 2765 Atque
247 2725 279 2755 in
305 2725 499 2765 imaginibus
532 2724 596 2755 illis
629 2738 642 2751 (ι
670 2725 725 2755 (lie
762 2725 990 2767 If'ereinigszmq
1020 2726 1080 2756 cler
1111 2726 1323 2757 trauernden
1353 2726 1510 2756 Ariadne
1543 2724 1605 2755 mit

117 2772 285 2813 Dionysos
304 2771 518 2814 yesclzz'cht...
539 2772 766 2813 yewo'hnliclc.
792 2786 805 2800 υ
837 2772 946 2810 Siout,
970 2774 1039 2803 loco
1063 2774 1171 2805 citato.
1196 2773 1242 2804 Cf.
1270 2774 1464 2810 PAUSAMAM,
1490 2773 1514 2810 I,
1539 2772 1602 2811 20;

119 2819 369 2857 Pfflmsmmum,
389 2817 541 2858 Εἰκόνες;
564 2819 673 2857 Elaea,
697 2830 748 2860 op.
771 2821 839 2857 cit„⁸
862 2830 893 2860 p.
912 2820 989 2858 225,
1014 2820 1086 2859 238,
1107 2821 1184 2859 2403
1209 2821 1348 2852 Casuzsn
1369 2823 1399 2851 et
1419 2820 1602 2859 Gaiam-mm,

119 2876 172 2907 op.
195 2876 292 2908 supra
315 2868 422 2899 citam.

161 2913 190 2945 4.
215 2914 261 2945 De
282 2924 344 2955 quo
363 2925 393 2945 v.
417 2915 558 2946 Carum-:R
575 2918 606 2946 et
625 2914 807 2953 Gmffixmr'r,
833 2915 869 2946 O.
895 2915 1035 2953 MrLLiza,
1058 2915 1167 2953 Srom„
1191 2916 1244 2947 ubi
1265 2925 1374 2956 supra.
