1889 3319
991 55 1009 74 Ι

748 178 876 207 CAPUT
910 177 1107 206 TERTHJM.
1206 182 1215 189 -
1618 165 1675 206 79

186 295 368 348 factam,
386 294 576 353 profecti
594 294 801 351 conjugis
830 294 1107 337 desiderium
1126 293 1207 335 filii
1229 307 1383 335 amore
1412 293 1671 336 lenientem.

187 367 345 425 Neque
370 366 449 409 illa
481 381 506 408 a
532 366 784 422 vergiliano
812 365 964 408 colore
992 365 1165 408 absona
1191 365 1248 407 Sit
1278 364 1432 420 imago
1459 363 1670 417 Didonis,

185 438 362 495 gremio
388 437 604 480 infantem
631 437 824 479 foventis
854 437 985 493 (sicut
1011 439 1055 478 et
1081 450 1227 493 nuper
1245 435 1492 479 Ascanium
1519 435 1673 477 fovere

187 509 320 552 solita
346 508 456 565 erat)
487 508 620 566 eique
656 507 800 563 digito
834 507 1128 550 monstrantis
1166 521 1256 564 qua
1289 506 1498 549 abeuntis
1531 506 1673 564 patris

186 594 324 622 naves
350 579 491 622 altum
520 579 628 621 olim
654 579 937 622 tenuerint...

247 649 459 694 Ceterum
486 649 627 692 multo
655 649 799 705 magis
828 649 1058 705 dignitatis
1088 664 1194 691 suae
1222 649 1537 691 immemorem
1559 647 1673 690 Ver—

186 722 323 778 gilius
349 720 481 764 nohis
506 720 625 763 infra
651 720 849 764 ostendit
875 719 1114 762 Didonem.
1150 719 1263 761 Nam
1302 719 1347 760 in
1386 719 1462 771 iis,
1506 719 1672 776 quibus

185 792 312 852 prius
338 792 541 834 Aeneam
574 791 841 847 aggreditur
871 791 963 845 illa,
999 791 1229 848 precibus,
1263 808 1282 828 «
1312 790 1619 847 hymenaeum
1650 807 1670 828 »

187 864 336 907 adhuc
375 866 419 906 et
458 880 477 902 «
506 862 689 905 conubii
718 880 738 902 »
777 880 796 901 «
828 862 1121 919 conjugiique
1153 880 1171 900 »
1210 862 1335 917 leges
1370 862 1573 914 invocat,
1608 861 1673 904 ita

183 949 372 994 prorsus
410 936 575 977 testata
613 947 660 976 se
700 933 786 976 sibi
818 933 990 989 justam
1026 947 1229 985 uxorem,
1262 933 1572 975 matronaliter
1607 931 1672 991 (ut

183 1006 578 1065 Epigrammatum
605 1005 745 1048 verbo
773 1004 888 1061 utar)
918 1006 1108 1062 nuptam
1135 1003 1292 1046 videri.
1318 1003 1541 1062 Deinceps
1563 1018 1670 1046 vero

183 1077 270 1121 hoc
296 1091 343 1121 se
370 1078 552 1120 nomine
580 1076 776 1130 abdicat,
807 1075 954 1134 deque
982 1090 1063 1122 suo
1087 1075 1191 1132 jure
1219 1075 1399 1119 decedit
1428 1089 1436 1115 :

347 1209 432 1241 Non
448 1208 527 1250 jan]
552 1207 778 1250 conjugium
800 1207 1021 1249 antiquum,
1046 1206 1147 1248 quod
1172 1205 1352 1247 prodidit,
1378 1214 1483 1239 oro...

244 1322 363 1375 Quin
391 1322 542 1375 etiam,
567 1325 808 1380 postquam
849 1339 869 1361 «
900 1321 1067 1364 talibus
1095 1324 1298 1363 orantem
1330 1339 1348 1359 n
1378 1320 1670 1362 inexorabilis

183 1393 360 1436 Aeneas
386 1393 662 1452 repudiavit,
692 1393 894 1435 nondum
922 1398 1073 1434 tamen
1106 1392 1193 1434 ista
1225 1391 1412 1434 Didonis
1441 1406 1491 1433 ex
1521 1392 1670 1434 animo

183 1465 396 1521 cogitatio
424 1464 684 1523 depellitur,
716 1464 793 1506 sed
828 1467 978 1517 noctu,
1010 1464 1141 1522 quasi
1168 1464 1459 1516 reviviscens,
1484 1477 1670 1518 aegram

182 1539 381 1580 mentem
408 1537 703 1595 pertinaciter
724 1535 903 1578 obsidet
933 1549 941 1578 :

364 1666 496 1698 Iliacas
516 1665 638 1708 igitur
658 1667 782 1698 classes
802 1670 920 1708 atque
941 1665 1105 1699 ultima¹
1126 1666 1317 1698 Teucrum

314 1742 317 1747 .
365 1721 483 1754 Jussa
501 1730 629 1761 sequar
645 1722 699 1754 52...

368 1773 461 1814 Quis
484 1783 545 1807 me
565 1777 707 1812 autem,
725 1774 785 1814 fac
805 1774 900 1811 velle,
922 1774 1037 1813 sinet,
1058 1773 1286 1813 ratibusque
1309 1772 1487 1814 superbis

368 1827 538 1860 Invisam
559 1828 724 1869 accipiet
738 1830 796 1861 P...

368 1881 467 1922 Quid
493 1884 575 1914 tum
589 1883 606 1914 ⁵?
627 1882 712 1915 Sola
729 1881 820 1923 fuga
844 1885 987 1914 nautas
1001 1881 1014 1902 Ξ
1031 1881 1246 1914 comitabor
1269 1882 1431 1912 ovantes
1445 1880 1462 1911 ‘P

367 1936 429 1967 Au
449 1935 575 1976 Tyriis
595 1935 779 1976 omnique
798 1943 915 1968 manu
937 1935 1081 1976 stipata
1100 1942 1275 1967 meorum

366 1988 512 2022 Inferar
524 1989 538 2010 3
550 1991 612 2022 P.

242 2101 375 2155 Quod
401 2102 587 2161 quidem
609 2102 666 2145 ad
687 2103 875 2145 consilia
895 2102 1009 2146 adeo
1033 2102 1239 2153 humilia,
1262 2101 1402 2142 immo
1423 2099 1663 2157 probrosa,

180 2172 404 2216 Didonem
445 2174 722 2219 descendere
750 2175 892 2217 voluit
929 2174 1169 2230 Vergilius,
1201 2174 1433 2229 nequeunt
1461 2170 1667 2213 nonnulli

181 2244 325 2286 critici
352 2260 378 2287 a
405 2259 450 2287 se
481 2246 728 2304 impetrare
756 2249 804 2287 ut
831 2245 1033 2288 credant.
1065 2263 1084 2283 «
1117 2244 1397 2299 Reginamne
1426 2241 1666 2297 Carthagi-

180 2315 265 2370 nis,
294 2341 352 2346 —
378 2331 494 2358 unus
523 2331 574 2358 ex
601 2316 690 2359 illis
712 2317 934 2359 exclamat
952 2316 979 2367 ⁴,
1010 2342 1067 2347 —
1095 2319 1138 2358 et
1164 2315 1277 2358 tanti
1303 2314 1481 2372 imperii
1514 2312 1666 2355 condi-

221 2445 252 2476 1.
271 2445 294 2476 Ι.
317 2455 344 2477 e.
367 2448 520 2484 extrema,
542 2446 662 2478 infima.
687 2446 877 2476 Pssssumzfflr
901 2456 907 2477 z
932 2460 945 2474 «
964 2446 1060 2477 Recte
1081 2445 1223 2486 Heynius
1241 2444 1349 2474 laudat
1370 2444 1666 2483 interpretationem

180 2492 350 2533 Pomponii
372 2493 484 2525 Sabini
505 2502 512 2524 :
534 2494 639 2534 quasi,
660 2494 743 2533 quod
767 2495 791 2523 si
820 2494 949 2533 naviget
975 2503 1045 2524 cum
1069 2493 1216 2531 Teucris,
1242 2493 1283 2522 sit
1306 2493 1412 2523 sutura
1429 2500 1532 2522 serva.
1561 2504 1575 2519 »
1604 2492 1667 2521 BE-

179 2549 279 2578 Νοιετ,
303 2541 625 2579 LADEWIG—SCHAPssa,
650 2541 830 2571 [onmerox
851 2541 979 2571 omnino
1001 2541 1065 2571 fere
1087 2541 1204 2579 pariter
1230 2539 1288 2570 hoc
1308 2539 1508 2578 intellegunt.

220 2587 250 2618 2.
275 2587 421 2625 Nazttas,
444 2598 520 2629 ergo
549 2589 687 2619 rusticos
716 2588 859 2618 homines
881 2592 912 2618 et
939 2588 1189 2619 contumeliosos
1218 2590 1248 2617 et
1274 2587 1327 2626 qui
1349 2587 1498 2623 feminae,
1520 2584 1586 2616 soli
1606 2584 1667 2615 du-

179 2643 248 2665 cem
266 2645 357 2666 suum
378 2636 537 2676 sequenti,
559 2636 828 2667 convieiarentur.
852 2635 898 2666 Cf.
921 2634 1074 2672 Kvffimm,
1096 2635 1187 2665 Neue
1209 2634 1377 2675 Beierd'qe,
1403 2643 1432 2674 p.
1454 2632 1522 2663 168.

220 2681 251 2714 3.
275 2682 418 2714 Pessime
445 2683 634 2721 Commrox,
658 2684 800 2721 Baucis'r,
824 2683 978 2713 Foussnffla
1004 2693 1010 2713 ζ
1043 2696 1056 2710 «
1086 2682 1234 2722 Inferw‘,
1257 2683 1408 2721 insequar
1437 2684 1468 2711 et
1499 2680 1669 2721 aggrediar

127 2761 130 2765 ,
179 2729 294 2760 classe.
319 2743 333 2757 ν)
368 2730 414 2763 Cf.
438 2730 592 2767 ΚνῐὸΑω,
622 2741 708 2761 neue
730 2731 899 2771 Beilm‘igse.
924 2740 953 2769 p.
979 2729 1128 2767 loz-170,
1158 2730 1210 2759 ulli
1239 2731 1323 2759 totus
1353 2729 1402 2759 hic
1429 2728 1518 2759 locus
1549 2728 1668 2768 optime

180 2777 392 2817 explanatum
413 2797 452 2800 —
473 2782 503 2809 et
522 2779 549 2809 J.
574 2779 694 2815 HENnv,
718 2779 818 2812 Aen..
842 2778 880 2815 ll,
902 2777 985 2808 787:
1012 2791 1025 2806 «
1045 2776 1146 2809 Slzall
1166 2777 1181 2807 I
1201 2776 1238 2807 lte
1260 2776 1375 2813 borne.
1398 2776 1536 2807 carried
1556 2786 1597 2807 οη
1618 2777 1667 2817 (in

178 2833 235 2865 my
256 2826 335 2865 fleat
357 2827 390 2856 to
405 2827 485 2867 jein
508 2826 564 2857 the
584 2828 663 2866 [leel
685 2827 726 2866 of
741 2826 883 2859 Aeneas)
900 2825 916 2855 ?
940 2838 953 2852 υ

219 2870 249 2903 4.
275 2872 395 2910 Hmm,
419 2873 575 2910 Aenez'd„
598 2873 629 2902 iu
663 2873 693 2903 h.
723 2882 752 2904 v.
786 2882 792 2902 :
820 2885 834 2900 «
859 2871 923 2903 The
944 2881 1050 2913 queen
1073 2872 1145 2902 and
1170 2870 1321 2912 founder
1342 2872 1384 2912 of
1401 2870 1587 2912 Carllzagye,
1611 2870 1668 2902 the

180 2917 289 2958 noble,
311 2929 489 2962 qenerous,
525 2919 771 2961 hiqlz-nzt'nded
799 2919 902 2958 Dido,
933 2918 1048 2962 coldly
1068 2918 1276 2951 deliberates
1304 2919 1456 2951 whether
1482 2928 1521 2950 or
1548 2920 1609 2949 not
1635 2920 1669 2950 to
