1889 3319
248 216 333 258 156
876 226 1108 258 coNcLusm.

305 344 431 388 Istud
452 359 633 403 quoque
657 345 918 387 meminisse
946 345 1076 387 decet
1104 344 1159 386 de
1186 343 1349 386 iisdem
1379 346 1563 385 eatenus
1592 343 1732 386 disse-

247 432 346 459 rere
386 416 667 472 Vergilium,
708 419 932 474 quatenus
967 416 1025 458 ad
1056 429 1295 458 commune
1328 415 1467 456 totius
1508 415 1732 472 poematis

247 487 486 530 consilium
513 501 699 529 necesse
726 490 808 529 est.
838 487 976 529 Novit
1003 487 1123 529 enim
1150 486 1225 528 hic
1252 499 1469 528 arcanum
1495 485 1608 527 illud
1634 485 1735 543 pul-

246 559 498 601 cherrimae
518 572 712 616 poeseos
739 557 1144 610 oblectamentum,
1164 557 1335 599 seilicet
1355 571 1411 598 ne
1429 556 1734 612 cognoscendi

245 631 455 688 voluptas
483 629 747 686 legentibus
784 633 878 671 tam
918 629 1054 686 plena
1085 628 1380 686 perfectaque
1416 626 1734 685 suppeditetur

245 715 383 760 quam
412 716 464 743 ex
490 701 704 752 historia;
746 701 807 742 ita
846 704 895 742 ut
932 704 1090 742 nostra
1129 699 1300 741 sciendi
1333 698 1479 740 libido
1515 713 1603 740 non
1641 702 1734 740 tam

246 777 474 815 saturetur
500 786 637 830 quam
665 775 867 824 acuatur,
899 771 1241 828 legentiumque
1269 770 1440 825 ingenii
1466 769 1666 822 ubertas,
1698 769 1736 811 si

245 859 336 902 qua
362 847 444 895 est,
475 843 687 885 lacessita
715 842 935 885 eliciatur.
957 842 1094 884 Tacet
1120 842 1260 897 igitur
1285 840 1501 884 Aeneidis
1530 839 1738 883 conditor

245 915 389 957 multa
426 914 482 956 de
529 914 774 956 mulierum
815 928 1000 956 suarum
1038 913 1110 955 vel
1146 913 1353 969 ingenio,
1397 911 1469 953 vel
1513 926 1734 969 corporea

245 987 418 1044 specie,
449 986 521 1028 vel
548 985 836 1037 condicione,
875 985 947 1026 vel
985 988 1193 1026 anteacta
1220 985 1325 1035 vita,
1357 999 1408 1025 ac
1435 984 1519 1025 nisi
1549 983 1732 1041 quando

244 1058 420 1111 metuit,
452 1057 581 1099 sicuti
605 1056 660 1098 de
690 1056 882 1099 Camilla
909 1071 1048 1114 supra
1074 1056 1244 1107 notavi,
1276 1070 1332 1097 ne
1360 1070 1449 1097 non
1472 1055 1579 1096 satis
1606 1054 1736 1097 intel-

243 1128 361 1171 lecta
405 1129 537 1170 nobis
590 1128 668 1170 fiat
718 1142 941 1186 personae
989 1127 1229 1183 cujusdam
1281 1127 1474 1178 indoles,
1519 1125 1737 1168 nonnulla

246 1200 377 1242 nobis
405 1199 636 1255 Vergilius
665 1203 786 1241 amat
815 1199 1073 1257 relinquere
1103 1198 1374 1257 supplenda.

306 1331 432 1386 Nego
475 1330 641 1373 deinde
677 1330 924 1372 muliebres
962 1330 1178 1372 Aeneidis
1219 1343 1454 1387 personaS,
1495 1343 1585 1371 non
1627 1329 1734 1371 satis

245 1402 312 1445 sui
359 1405 591 1460 compotes
645 1405 687 1444 et
732 1402 933 1443 conscias
986 1401 1145 1443 videri.
1203 1399 1334 1452 Quod
1379 1399 1564 1457 quidem
1612 1400 1736 1455 justa

249 1474 643 1529 argumentatione
672 1472 973 1530 comprobare
1003 1471 1253 1514 absurdum
1278 1472 1348 1522 sit,
1369 1486 1469 1513 oum
1497 1471 1542 1513 in
1569 1470 1736 1513 talibus

248 1545 507 1587 meminisse
543 1544 703 1586 deceat
745 1544 876 1586 aliter
915 1544 1027 1586 alios
1062 1559 1151 1585 una
1185 1547 1319 1601 atque
1356 1542 1515 1585 eadem
1552 1557 1599 1584 re
1631 1542 1735 1598 jure

245 1631 377 1674 posse
412 1616 550 1668 affici3
601 1642 657 1647 —
708 1631 845 1673 quam
888 1615 1073 1673 quidem
1115 1615 1368 1657 alienorum
1405 1613 1659 1656 studiorum
1693 1617 1737 1655 et

241 1686 543 1742 judiciorum,
597 1686 670 1728 vel
711 1687 845 1729 etiam
898 1701 924 1728 a
970 1686 1135 1729 nostris
1175 1685 1310 1744 plane
1357 1685 1732 1743 discrepantium,

246 1759 528 1816 patientiam,
568 1758 706 1800 immo
746 1758 1065 1810 reverentiam,
1109 1757 1324 1815 aequales
1354 1757 1496 1799 nostri
1524 1757 1631 1799 satis
1660 1771 1735 1799 su-

246 1844 419 1887 perque
447 1829 711 1871 edocentur.
726 1829 1006 1871 —Attamen
1025 1829 1139 1870 scire
1159 1828 1300 1870 libeat
1315 1842 1430 1885 quae
1448 1828 1734 1885 potissimum

245 1900 363 1942 inter
389 1901 596 1953 feminas,
617 1915 811 1958 quarum
832 1899 1056 1955 Vergilius
1080 1900 1238 1941 unicus
1261 1903 1390 1956 pater
1417 1904 1498 1951 est,
1518 1903 1735 1956 tanquam

249 1989 269 2010 «
311 1972 450 2014 falsae
495 1990 514 2011 »
555 1986 607 2014 ac
642 1972 777 2013 nimis
815 1972 1060 2030 perspicuo
1098 1990 1117 2009 «
1149 1970 1279 2013 fictae
1318 1989 1338 2009 »
1380 1971 1729 2028 ea1¹pantur?....

391 2042 503 2086 Cum
533 2043 654 2085 enim
684 2043 884 2085 Aeneam
909 2042 1080 2085 Creusa
1109 2046 1206 2084 orat
1235 2057 1289 2084 ne
1321 2042 1377 2084 ab
1406 2042 1484 2083 illo
1513 2056 1614 2083 cum
1643 2042 1735 2085 suis

250 2113 612 2172 derelinquatur,
643 2114 713 2156 his
741 2114 893 2156 verbis
926 2128 933 2156 ζ

476 2244 512 2277 Si
536 2244 733 2285 periturus
752 2244 850 2283 abis,
875 2246 912 2276 et
934 2252 1005 2276 nos
1027 2252 1117 2285 rape
1139 2243 1177 2276 in
1200 2244 1332 2276 omnia
1352 2245 1498 2276 tecum!

477 2299 583 2330 Hanc
604 2297 772 2339 primuni
797 2300 924 2329 tutare
945 2297 1122 2330 domum!
1146 2297 1212 2331 Cui
1231 2305 1372 2338 parvus
1392 2297 1509 2335 Iulus,

477 2351 539 2383 cui
557 2355 667 2393 pater
684 2355 722 2384 et
742 2360 760 2382 c
780 2352 910 2392 1111111111ν
933 2350 1131 2392 quondam
1155 2354 1218 2382 tua
1240 2352 1343 2384 dieta
1364 2351 1586 2391 relinquor?

250 2465 375 2524 quid.
402 2480 587 2523 quaeso,
617 2466 660 2507 in
687 2465 755 2507 his
784 2464 1007 2506 absonum
1037 2479 1183 2522 neque
1214 2480 1265 2505 ex
1294 2465 1382 2506 imo
1411 2464 1547 2506 eorde
1576 2465 1737 2506 exiisse

249 2537 331 2579 tibi
360 2537 539 2579 videtur
554 2537 573 2577 ζ)

310 2607 420 2649 Cum
448 2607 603 2649 itidem
636 2606 795 2649 Volsca

561 2737 707 2769 medias
729 2738 830 2770 inter
851 2736 988 2770 caedes
1009 2736 1184 2769 exsultat
1202 2738 1387 2775 Amazon,

250 2851 360 2909 quid
394 2852 436 2893 in
470 2851 608 2893 rebus
649 2850 707 2892 ab
748 2850 827 2892 illa
864 2854 971 2892 tunc
1010 2851 1151 2905 gestis
1193 2854 1398 2892 coactum
1434 2853 1476 2890 et
1515 2849 1733 2901 fucatum,

249 2937 397 2980 neque
444 2922 584 2964 indoli
625 2922 723 2977 ejus
764 2926 807 2963 et
853 2922 1081 2979 praesenti
1127 2921 1381 2963 condicioni
1425 2919 1736 2962 conveniens?
