1889 3319
262 198 318 239 40
867 211 968 240 PARS
1001 210 1139 240 Paion.
1168 216 1171 219 ·

263 327 459 379 videtur,
494 353 551 357 —
583 326 645 368 ita
678 328 721 367 et
758 326 803 367 in
838 329 1046 383 poemate
1080 340 1472 382 supervacaneum
1514 325 1746 383 quoddam

262 404 446 457 πάρεργον
495 396 703 454 ejusdem
748 397 913 438 amoris
967 396 1167 438 narratio
1221 396 1475 439 necessario
1519 396 1744 439 videatur.

263 469 390 511 Hanc
429 468 487 511 ob
536 482 719 510 causam
772 467 895 510 haud
940 467 1168 509 immerito
1207 468 1441 520 miramur,
1483 467 1519 510 si
1564 467 1747 525 quando

263 540 605 598 compositionis
632 539 853 581 rationem
890 539 1088 580 strictius
1124 538 1474 596 perpendimus,
1517 542 1610 581 tam
1653 538 1750 581 lon-

263 626 368 667 gam
395 625 493 653 esse
521 610 722 653 tantulae
749 610 814 652 rei
842 610 1164 652 narrationem.

322 682 390 724 An
433 696 539 723 vero
582 681 742 723 melius
776 680 987 723 contendi
1028 683 1200 738 potest,
1241 680 1418 722 tamdiu
1452 684 1555 722 ante
1595 680 1750 723 oculos

262 753 513 808 legentium
547 752 740 801 versari,
779 752 955 794 volente
1007 755 1162 809 poeta,
1215 751 1461 805 Didonem,
1509 755 1751 810 propterea

264 823 387 882 quod
407 822 729 879 Carthaginem
757 823 1027 877 condiderit,
1051 823 1268 865 nimirum
1290 822 1640 867 recordantibus
1661 822 1752 865 Ro-

264 896 408 937 manis
436 909 525 937 non
552 897 645 936 tam
671 894 793 936 illius
821 909 920 936 cum
951 894 1107 936 Aenea
1134 909 1360 947 amorem,
1393 909 1530 952 quam
1566 893 1754 936 Cartha—

262 966 397 1022 ginis,
441 980 466 1007 a
503 965 678 1008 Didone
716 969 858 1018 ortae,
900 965 1086 1021 longam
1126 968 1453 1023 cruentamque
1494 980 1596 1008 cum
1628 964 1751 1008 Urbe

264 1037 614 1079 aemulationem
630 1037 649 1077 ’ἲ

322 1108 465 1151 Nobis
493 1123 599 1153 sane
633 1123 724 1151 non
759 1112 1003 1166 supersunt
1040 1108 1165 1161 odia,
1206 1124 1321 1166 quae
1359 1108 1430 1151 vel
1467 1109 1602 1151 etiam
1629 1107 1751 1167 apud

263 1180 459 1236 Augusti
487 1180 702 1238 aequales
742 1180 969 1223 Romanos
1019 1195 1064 1222 se
1103 1181 1428 1223 suscitaturum
1460 1180 1564 1236 jure
1599 1180 1752 1223 forsan

265 1266 448 1310 sperare
489 1252 689 1310 potuerit
726 1251 990 1308 Vergilius3
1033 1251 1328 1294 nihilominus
1373 1255 1525 1294 tamen
1574 1251 1750 1309 opinari

262 1323 383 1377 licet,
403 1338 565 1381 parum
591 1323 862 1365 invidiosam
889 1323 1028 1366 fuisse
1056 1327 1132 1365 aut
1158 1322 1472 1365 detestandam
1497 1323 1566 1365 vel
1590 1323 1752 1365 Roma-

263 1395 333 1436 nis
360 1395 534 1452 patriae
563 1409 669 1437 suae
699 1395 1022 1439 amantissimis
1050 1394 1313 1446 lectoribus,
1337 1395 1464 1437 illam
1486 1395 1615 1452 quasi
1636 1394 1751 1450 figu-

264 1480 362 1508 ram
390 1465 677 1522 Carthaginis
705 1481 842 1524 quam
872 1466 917 1507 in
946 1481 991 1509 se
1021 1466 1189 1507 misera
1219 1470 1354 1523 atque
1388 1465 1598 1507 amabilis
1634 1464 1750 1507 Dido

263 1537 546 1580 referebat...
594 1536 642 1580 Si
683 1537 791 1595 quid
833 1537 1152 1593 hujuscemodi
1194 1536 1421 1592 Vergilius
1465 1536 1550 1578 sibi
1591 1551 1750 1578 revera

262 1609 600 1666 proposuisset,
656 1623 1046 1667 supervacaneum
1099 1609 1258 1651 merito
1299 1608 1554 1651 diceremus
1604 1607 1750 1665 quod-

263 1694 457 1737 cumque
488 1680 532 1721 in
561 1679 724 1737 primo,
751 1684 913 1738 quarto
942 1683 1158 1736 sextoque
1187 1679 1305 1721 libro
1334 1678 1445 1720 nihil
1467 1678 1588 1720 aliud
1613 1692 1750 1736 quam

260 1749 510 1805 legentium
561 1750 923 1793 misericordiam
971 1749 1135 1792 Didoni
1192 1750 1429 1802 conciliat,
1484 1750 1528 1791 in
1588 1753 1749 1807 quarto

260 1836 425 1879 nempe
452 1822 593 1875 libro,
624 1823 769 1865 omnis
796 1822 986 1864 Didonis
1016 1823 1152 1863 vitam
1180 1821 1423 1864 relicturae
1451 1821 1651 1863 narratio
1679 1835 1752 1862 re-

260 1891 503 1945 dundaret,
528 1908 676 1951 neque
705 1893 895 1936 ulterius
918 1892 1135 1951 progredi
1154 1892 1270 1934 liber
1290 1893 1374 1934 iste
1397 1892 1603 1943 deberet,
1629 1894 1754 1950 post-

261 1979 399 2022 quam
426 1964 541 2006 Dido
570 1965 740 2008 Romae
768 1965 946 2007 futurae
975 1964 1098 2006 diras
1126 1968 1311 2022 precata
1346 1967 1456 2007 est¹.
1490 1963 1588 2005 Non
1615 1963 1755 2019 igitur

262 2035 514 2077 Romanam
545 2037 609 2094 (ut
634 2037 697 2079 ita
726 2036 890 2093 dicam)
916 2036 974 2078 ob
999 2050 1181 2078 causam
1204 2039 1298 2077 tam
1320 2035 1489 2077 multus
1511 2035 1556 2077 in
1577 2034 1752 2077 Didone

261 2105 492 2161 Vergilius
520 2107 620 2150 fuit.

320 2176 480 2236 Neque
514 2180 635 2221 enim
670 2179 764 2221 ulla
803 2179 965 2221 melior
1002 2178 1138 2221 latius
1178 2177 1427 2236 productae
1469 2176 1524 2219 de
1560 2176 1749 2219 Didonis

260 2248 398 2291 rebus
432 2251 704 2293 narrationis
738 2251 852 2293 ratio
880 2249 1009 2292 reddi
1044 2254 1214 2308 potest,
1255 2263 1390 2307 quam
1427 2249 1464 2291 si
1496 2248 1749 2304 Vergilium

260 2323 472 2378 putemus
494 2320 632 2377 hujus
660 2336 883 2380 personae
911 2321 1218 2379 descriptione
1248 2335 1345 2364 sese
1373 2321 1523 2378 ipsum
1552 2319 1748 2362 oblecta-

258 2391 393 2435 visse.
425 2391 543 2435 Num
571 2397 723 2435 autem
750 2392 1016 2435 incredibile
1038 2391 1153 2434 illud
1174 2392 1277 2434 est?
1304 2391 1547 2449 Nunquam
1563 2390 1743 2444 desunt,

258 2465 308 2504 ut
335 2463 512 2521 opinor,
544 2464 663 2506 inter
689 2464 897 2507 fictarum
926 2478 1079 2506 rerum
1109 2463 1368 2521 scriptores,
1407 2463 1507 2519 qui,
1547 2461 1746 2518 Pygma-

256 2532 390 2576 lionis
415 2534 573 2588 instar,
604 2550 823 2593 personas
851 2550 878 2578 a
906 2550 952 2578 se
977 2538 1151 2578 creatas
1179 2533 1331 2576 vivido
1359 2533 1559 2591 quodam
1592 2547 1745 2575 amore

258 2605 636 2663 complectantur.
669 2606 759 2650 Sed
780 2621 928 2665 neque
957 2606 1121 2649 desunt
1146 2606 1191 2647 in
1219 2604 1422 2647 Aeneide
1443 2604 1601 2657 verba,
1629 2603 1745 2647 Ver-

257 2675 418 2731 gilium
446 2692 473 2719 a
499 2676 675 2720 Didone
704 2693 786 2720 sua
812 2681 1090 2721 commotum
1121 2682 1163 2719 et
1189 2677 1340 2735 ipsum
1353 2676 1493 2719 fuisse
1514 2675 1741 2728 testantia,

258 2746 350 2789 sive
379 2763 483 2790 cum
511 2749 609 2804 ejus
637 2749 820 2807 culpam
849 2750 979 2806 quasi
1008 2752 1211 2791 coactam
1239 2763 1289 2790 ac
1320 2747 1506 2790 fatalem
1542 2750 1740 2800 excusat,

302 2914 331 2947 1.
357 2913 444 2946 Tunc
465 2917 569 2946 autem
590 2915 674 2946 circa
694 2924 823 2947 versum
844 2914 904 2947 400
923 2916 995 2947 finis
1014 2918 1128 2957 quarto
1149 2914 1230 2947 libro
1253 2913 1462 2955 imponendus
1485 2912 1552 2944 suit.
