1889 3319
231 208 286 249 52
834 219 936 247 PARS
968 219 1105 247 PRIOR.

414 335 458 366 Et
472 335 550 376 jam
566 334 678 375 jussa
699 334 803 369 facit,
828 336 1055 374 ponuntque
1075 333 1215 365 ferocia
1235 333 1351 366 Poeni

414 387 536 421 Corda
556 387 712 420 volente
734 387 804 419 deo
825 397 832 426 ;
854 387 893 418 in
919 387 1055 428 primis
1076 387 1210 431 regina
1228 387 1401 428 quietum

412 441 564 482 Accipit
584 440 626 472 in
645 440 814 474 Teucros
832 439 1010 473 animun]
1034 442 1285 480 mentemque
1306 439 1530 481 benignam.

288 561 381 603 Nec
416 560 563 619 plura.
613 559 679 602 De
713 558 937 617 Cupidine
975 559 1113 611 item3
1163 559 1329 601 etenim
1368 557 1482 600 illud
1517 557 1715 615 primum

229 630 686 675 animadvertendum
725 634 813 683 est,
853 631 989 672 etiam
1024 633 1270 687 antequam
1304 630 1488 685 ingruat
1515 627 1712 686 Cupido,

224 703 322 759 jam
347 706 453 745 tunc
479 702 684 744 Aeneam
711 701 854 744 amari
881 717 907 744 a
934 701 1136 743 Didone¹
1170 715 1178 743 :

394 831 594 874 Obstipuit
624 832 749 873 primo
772 830 960 871 adspectu
982 827 1138 862 Sidonia
1162 827 1282 868 Dido;

396 887 495 919 Casu
514 885 655 919 deinde
676 884 743 917 viri
764 886 910 917 tanto...

232 999 397 1058 quibus
436 999 586 1041 verbis
617 998 714 1054 jam
748 997 855 1040 satis
884 997 1027 1054 liquet
1054 995 1257 1051 reginam
1287 997 1329 1036 et
1361 1009 1444 1052 per
1470 994 1720 1036 oblectatos

231 1071 385 1114 oculos
409 1074 452 1113 et
478 1085 560 1128 per
587 1070 829 1112 mirantem
860 1068 1242 1124 miserantemque
1271 1066 1474 1108 animum
1501 1080 1591 1108 una
1613 1080 1720 1123 cap-

230 1147 322 1185 tam
351 1145 394 1184 et
420 1141 756 1193 labefactatam,
785 1139 957 1197 duplici
984 1138 1184 1197 quodam
1205 1137 1372 1181 amoris
1395 1137 1581 1179 vulnere
1601 1136 1719 1178 ultro

230 1213 477 1256 vulnerari.
510 1212 867 1271 Superveniente
896 1209 1132 1268 Cupidine,
1159 1209 1256 1265 jam
1283 1212 1415 1251 antea
1441 1224 1546 1266 pars
1572 1208 1721 1264 major

231 1285 382 1343 operis
410 1288 596 1343 peracta
623 1288 704 1327 est.

291 1355 464 1398 Deinde
513 1358 555 1398 et
598 1356 750 1413 ipsum
792 1354 982 1397 Veneris
1030 1353 1109 1395 filii
1151 1353 1196 1394 in
1239 1351 1460 1394 Didonem
1498 1352 1719 1409 impetum

231 1427 392 1469 leviter
418 1426 734 1470 tantummodo
767 1426 948 1481 attingit
986 1424 1228 1480 VergiliuS,
1269 1427 1312 1466 et
1343 1423 1524 1478 attingit
1554 1423 1631 1476 ita,
1662 1437 1718 1464 ne

231 1498 337 1551 tela,
368 1513 423 1540 ne
452 1513 622 1552 arcum,
661 1513 718 1540 ne
752 1497 997 1540 blanditias
1025 1511 1076 1539 ac
1103 1495 1232 1538 dolos
1259 1495 1413 1553 pusilli
1449 1494 1522 1536 dei
1557 1494 1718 1536 memi-
1754 1516 1757 1517 ν

232 1570 373 1623 nerit3
413 1585 495 1612 nee
523 1569 811 1622 miraculum,
850 1584 939 1626 quo
973 1568 1066 1621 fiat,
1110 1566 1341 1619 describit,
1378 1566 1458 1608 sed
1491 1565 1646 1608 solitos
1675 1568 1719 1607 et

231 1641 460 1684 naturales
500 1641 707 1684 miraculi
740 1640 880 1697 hujus
920 1640 1121 1682 effectus.
1162 1638 1400 1696 Cupidinis
1431 1637 1550 1679 enim
1577 1636 1716 1679 Dido-

229 1727 332 1755 nem
359 1714 564 1769 aggressi
591 1713 769 1771 pictura
794 1711 908 1755 nihil
935 1711 1060 1754 aliud
1087 1714 1154 1753 est
1181 1724 1317 1769 quam
1346 1713 1623 1752 secretarum
1643 1708 1718 1751 Di-

228 1783 357 1826 donis
386 1784 441 1827 de
469 1785 715 1843 praeterita
744 1799 795 1827 ac
822 1786 1062 1842 praesente
1090 1783 1181 1824 vita
1209 1781 1532 1838 cogitationum
1561 1780 1717 1823 verisi-

226 1856 346 1898 milis
375 1856 652 1899 enuntiatio2
685 1869 693 1898 t

906 1940 956 1970 At
980 1945 1128 1969 memor
1150 1936 1219 1969 ille

493 1992 625 2025 Matris
647 1991 847 2025 Acidaliae
868 1991 1057 2032 paulatim
1079 1990 1215 2022 abolere
1235 1989 1437 2030 Sychaeum

492 2045 643 2087 Incipit,
665 2048 704 2078 et
723 2045 800 2076 vivo
823 2048 948 2078 tentat
966 2047 1211 2086 praevertere
1230 2053 1351 2074 amore

492 2099 716 2141 tIampridem
733 2099 864 2131 resides
885 2099 1026 2130 animos
1044 2097 1282 2138 desuetaque
1302 2095 1424 2129 corda.

284 2219 367 2262 Hic
396 2219 536 2275 igitur
563 2233 744 2277 quoque
776 2216 1179 2277 (quemadmodum
1206 2215 1261 2258 de
1289 2215 1468 2268 Amata,
1499 2214 1556 2257 ab
1583 2214 1714 2257 Alec-

225 2294 329 2334 tone
368 2290 567 2344 efferata,
607 2290 707 2333 fieri
739 2288 1014 2347 videbimus)
1054 2291 1318 2347 portentoso
1351 2287 1548 2329 numinis
1576 2281 1712 2328 inter—

223 2363 378 2405 ventui
413 2362 613 2405 humana
647 2361 873 2420 quaedam
898 2365 941 2404 et
967 2364 1156 2404 naturae
1193 2363 1374 2404 nostrae
1409 2361 1713 2403 consentanea

264 2545 292 2577 1.
317 2544 364 2576 Cf.
387 2546 487 2582 Aen„
508 2545 531 2582 l,
553 2544 625 2582 613,
650 2544 722 2583 659,
744 2544 816 2582 670,
840 2544 900 2575 712
921 2554 991 2584 sqq.
1013 2562 1053 2566 —
1074 2543 1164 2574 Errat
1185 2542 1375 2579 Coxixc‘rox,
1398 2551 1469 2573 cum
1494 2542 1524 2571 in
1545 2541 1711 2581 ingeniosa

220 2595 361 2624 ceterum
379 2596 409 2623 et
427 2592 613 2632 plerumque
629 2602 703 2622 vera
725 2592 962 2629 dissertatione,
983 2591 1113 2622 scribit:
1132 2604 1146 2619 «
1163 2589 1280 2621 Dido’s
1301 2590 1406 2630 flame
1427 2589 1489 2620 has
1508 2589 1587 2620 been
1611 2588 1709 2619 Isind-

222 2639 277 2672 led
298 2642 357 2671 not
377 2641 469 2681 from
491 2639 625 2677 within,
657 2638 719 2670 but
750 2642 839 2680 from
874 2638 1026 2675 without,
1053 2639 1094 2680 by
1125 2649 1145 2670 α
1177 2637 1427 2679 supernatural
1451 2646 1577 2678 power.
1608 2648 1622 2663 »
1649 2636 1709 2667 Ιη-

223 2687 326 2725 troci„
349 2698 380 2728 p.
404 2687 468 2728 13.)

261 2735 292 2767 2.
319 2736 491 2775 Perperam
514 2734 630 2771 CAUER,
652 2745 703 2775 op.
727 2736 794 2772 eit.,
819 2745 849 2775 p.
872 2735 923 2771 ⁴24,
946 2735 986 2765 de
1014 2735 1072 2765 hoc
1105 2734 1266 2766 Mercurii.
1290 2734 1371 2764 sieut
1392 2736 1422 2763 et
1441 2732 1575 2762 aliorum
1597 2732 1627 2762 in
1649 2732 1709 2762 Ae-

221 2783 317 2813 neide
337 2782 481 2821 deorum,
513 2783 692 2813 interventu
717 2792 722 2812 :
748 2797 761 2811 1<
787 2782 852 2813 das
875 2783 1077 2823 Einyreifen
1096 2781 1157 2813 cler
1185 2781 1303 2812 Gruter
1323 2781 1368 2811 ist
1396 2779 1491 2810 nieht
1512 2788 1580 2810 nur
1600 2778 1709 2816 nicht,

222 2831 284 2861 ‘wie
304 2829 356 2861 bei
375 2831 509 2867 Homer,
532 2829 592 2860 cler
610 2830 779 2870 poetisclze
800 2830 982 2861 Ansclrzcckt
1000 2830 1061 2870 fiir
1082 2828 1159 2866 das,
1180 2839 1250 2860 was
1271 2828 1325 2859 die
1344 2827 1438 2859 Seele
1459 2827 1518 2858 des
1533 2825 1709 2857 Mensclzen

223 2877 362 2919 beweyt,
384 2877 533 2908 sondern
554 2887 587 2908 es
606 2875 697 2908 steht
712 2878 747 2909 in
761 2877 1059 2919 anyesproclzenen
1077 2876 1264 2918 Geyensal:
1286 2886 1326 2906 :ze
1344 2875 1455 2907 dieser
1474 2875 1674 2915 Beweyzmgy.
1693 2886 1708 2901 »

226 2924 272 2957 Cf.
299 2925 381 2955 iufra
399 2926 437 2956 ‹le
459 2926 580 2955 Amata.
