1889 3319
773 220 1003 250 CONCLUSIO.
1552 203 1633 244 157

152 341 310 383 Nonne
338 338 502 381 bellico
530 337 675 379 labori
706 338 806 380 totis
836 337 1007 378 viribus
1033 337 1220 385 intenta,
1245 338 1338 376 toto
1361 332 1511 375 animo
1531 345 1635 373 vere

153 410 298 453 defixa
322 408 579 452 incumbit?

213 481 324 524 Cum
374 479 537 522 Amata
579 478 760 520 Aeneae
794 478 1024 531 irascitur,
1067 478 1221 535 optato
1270 489 1441 530 genero
1491 474 1634 525 timet,

154 552 462 608 Laviniaeque
492 549 652 606 suique
679 550 891 591 miseram
922 552 1089 591 sortem
1118 547 1270 598 deflet,
1300 559 1448 587 nonne
1470 545 1569 601 ejus
1597 547 1641 585 et

155 622 294 666 verba
317 625 361 664 et
384 624 482 663 acta
509 620 746 662 veritatem
775 620 910 677 plane
939 619 1145 677 spirant?

214 693 313 736 Non
354 691 568 750 equidem
603 690 737 732 video
775 705 968 748 usquam
1014 691 1077 732 ita
1118 704 1256 746 agere
1284 688 1641 743 vergilianarum

157 764 401 817 mulierum
429 762 567 804 ullam
596 765 643 804 ut
665 762 826 803 merito
852 761 1117 803 derideatur
1144 763 1363 817 tanquam

572 891 703 924 nervis
723 891 864 924 alienis
883 890 1027 923 mobile
1045 890 1218 931 lignum;

159 1022 383 1066 nusquam
426 1006 563 1049 ullam
604 1006 667 1047 ita
705 1005 827 1062 loqui
868 1009 915 1046 ut
957 1003 1147 1060 Vergilii
1179 1017 1203 1044 a
1242 1006 1371 1057 tergo
1400 1000 1498 1057 ejus
1527 999 1644 1042 male

158 1079 340 1122 latentis
367 1092 525 1120 vocem
554 1081 598 1119 et
624 1076 765 1118 verba
789 1089 1105 1131 agnoscamus

222 1207 620 1262 Quemadmodum
647 1221 754 1248 vero
782 1206 1016 1264 aptissime
1036 1204 1092 1247 ad
1120 1208 1299 1262 tempus
1326 1202 1647 1261 praesentique

161 1281 370 1323 fortunae
415 1281 720 1334 congruenter
771 1280 813 1318 et
865 1280 1006 1332 agunt
1048 1276 1151 1317 illae
1193 1278 1236 1316 et
1277 1274 1547 1331 loquuntur,
1587 1272 1650 1314 ita

164 1352 389 1394 humanae
426 1354 630 1401 naturae,
673 1349 820 1407 qualis
849 1349 892 1389 in
924 1352 1159 1390 aeternum
1192 1349 1381 1404 perstat,
1416 1347 1651 1386 consenta-

163 1437 272 1466 neas
300 1437 347 1465 se
374 1425 623 1480 praestant.

225 1492 461 1537 Camillam
493 1491 678 1550 quidem
715 1492 929 1549 excipias,
970 1490 1099 1545 cujus
1127 1502 1300 1541 mores,
1334 1490 1489 1545 utpote
1517 1486 1651 1528 fabu-

163 1565 248 1607 losi
270 1565 373 1617 sint,
406 1563 600 1621 experiri
627 1562 867 1620 nequimus
890 1576 945 1603 an
971 1559 1302 1603 accommodati
1329 1558 1416 1600 sint
1442 1557 1499 1599 ad
1528 1560 1654 1599 natu-

166 1649 289 1688 ram3
341 1649 490 1677 nonne
533 1634 723 1676 Amatae
763 1632 955 1684 indoles,
1005 1658 1061 1662 —
1097 1630 1277 1673 sublato
1310 1630 1396 1670 isto
1433 1627 1653 1670 miraculo

162 1721 257 1765 ¹quo
308 1705 495 1764 quidem
545 1705 734 1747 absente
782 1719 870 1746 non
915 1704 1063 1745 minus
1102 1702 1233 1744 facile
1279 1699 1484 1755 intellegi
1527 1699 1655 1741 furor

167 1778 289 1819 illius
310 1777 470 1835 possit,
501 1802 557 1807 —-
585 1790 637 1818 ea
663 1780 729 1818 est
761 1789 898 1833 quam
929 1774 1030 1832 quis
1059 1772 1223 1815 cotidie
1251 1772 1370 1813 inter
1396 1784 1500 1813 suos
1528 1784 1656 1827 repe-

168 1849 259 1890 rire
287 1848 456 1905 queat?
497 1848 656 1889 Nonne
696 1851 841 1888 mater
867 1845 1113 1903 quaelibet,
1151 1843 1280 1899 cujus
1308 1842 1448 1883 filiam
1476 1841 1657 1883 unicam

170 1920 326 1975 ignoto
348 1918 550 1961 advenae
572 1918 909 1961 incautissimus
939 1916 1127 1958 maritus
1156 1913 1431 1972 promiserit,
1456 1912 1555 1970 pari
1577 1911 1658 1953 do-

172 1991 284 2041 lore,
315 2004 405 2048 quo
432 1989 697 2032 Latinorum
727 1990 900 2044 regina,
933 1985 1252 2030 succensebit?
1278 1984 1333 2027 Et
1360 1984 1446 2025 nisi
1473 1983 1659 2041 proprio

175 2075 324 2114 sensu,
355 2075 504 2103 nonne
525 2060 719 2116 figurate
753 2060 829 2101 illa
856 2077 874 2097 «
907 2057 1180 2100 debacchari
1211 2075 1230 2095 >›
1262 2055 1422 2097 merito
1450 2053 1660 2096 dicetur?

233 2132 366 2174 Anna
398 2146 580 2189 quoque
614 2146 714 2174 cum
758 2130 921 2172 Didoni
963 2128 1123 2171 suadet
1160 2130 1207 2169 ut
1251 2142 1331 2169 suo
1380 2126 1423 2167 in
1458 2125 1661 2166 Aeneam

174 2203 318 2246 amori
346 2203 627 2255 succumbat,
659 2228 715 2233 —
742 2201 922 2244 tametsi
949 2201 1093 2243 nescit
1120 2203 1273 2241 utrum
1296 2198 1447 2254 justae
1475 2196 1660 2253 nuptiae

174 2274 279 2316 inde
306 2274 483 2316 futurae
513 2274 602 2315 sint
640 2288 798 2324 necne,
838 2298 893 2302 —
935 2285 1045 2313 num
1081 2270 1170 2312 alia
1206 2269 1342 2311 sentit
1369 2271 1413 2309 et
1438 2267 1657 2324 loquitur,

174 2370 231 2376 —
253 2348 296 2387 et
321 2349 455 2399 tacet,
488 2369 545 2377 -
585 2348 720 2402 atque
757 2356 936 2387 sorores
972 2342 1077 2385 illae
1117 2344 1194 2383 aut
1233 2339 1402 2382 amicae
1430 2337 1661 2379 labantem

172 2416 270 2472 jam
297 2416 537 2457 mulierem
571 2415 771 2457 consiliis
812 2414 905 2456 suis
945 2413 1294 2457 labefactantes,
1334 2409 1476 2451 amori
1518 2427 1536 2446 «
1568 2407 1662 2465 pla—

177 2487 265 2529 cito
295 2504 314 2525 »
351 2486 571 2528 obsistere
609 2486 751 2532 nefas,
792 2488 1002 2526 naturam
1037 2482 1167 2540 sequi
1190 2482 1367 2537 justum
1403 2494 1500 2521 esse
1530 2493 1661 2537 prae-

178 2557 412 2600 dicantes?

236 2627 293 2670 Et
317 2628 405 2686 ipsi
432 2628 670 2679 Laviniae,
713 2626 872 2679 credo,
910 2639 1091 2683 semper
1136 2629 1179 2666 et
1211 2623 1381 2680 ubique
1423 2635 1662 2663 occurrere

178 2697 298 2741 licet.
333 2698 504 2742 Saltem
542 2699 661 2741 enim
700 2699 746 2740 in
780 2697 895 2739 fietis
922 2701 1183 2738 nostrorum
1209 2698 1470 2751 temporum
1504 2706 1663 2734 narra-

181 2769 381 2812 tionibus
423 2774 500 2812 aut
542 2771 588 2811 in
638 2769 884 2811 comoediis
935 2771 1046 2825 quot
1090 2765 1367 2808 inducuntur
1415 2763 1662 2821 puellulae,

181 2841 402 2883 amatoria
441 2840 728 2896 aegritudine
756 2840 1032 2891 laborantes,
1063 2851 1212 2895 neque
1240 2839 1395 2894 optato
1425 2835 1518 2876 viro
1546 2848 1664 2891 nup-

181 2915 332 2965 turae,
362 2926 478 2969 quae
508 2912 741 2967 languenti
781 2910 940 2952 morbo
981 2922 1260 2950 marcescere
1302 2922 1347 2949 se
1382 2920 1471 2948 non
1499 2905 1663 2946 invitae
