1889 3319
299 219 382 262 138
850 230 950 260 PARS
982 229 1224 260 PosTEmoR.

291 349 414 406 facit)
442 374 501 379 —-
527 350 702 390 certum
729 346 786 389 ad
815 347 1001 389 exitium
1028 346 1345 405 proficiscitur.
1377 345 1477 388 Non
1503 346 1566 388 ita
1592 359 1779 405 prorsus

295 419 481 462 Hectori
518 418 786 477 placuisset,
817 418 895 476 qui
929 418 1103 476 praelia
1127 418 1482 470 instauraturus,
1514 416 1569 460 de
1598 417 1779 460 casibus

294 504 481 533 uxorem
509 492 553 532 et
578 488 740 542 filium,
772 489 808 531 si
835 488 1024 546 perierit
1049 488 1169 546 ipse,
1200 487 1512 542 manentibus,
1541 491 1779 547 tantopere

293 561 556 618 angitur1...
587 560 687 602 Non
714 560 790 602 ille
818 559 1021 618 profecto
1046 560 1234 602 incensa
1253 558 1392 616 Troja
1412 559 1573 617 procul
1599 574 1625 602 a
1651 559 1780 602 relic-

291 633 349 674 tis
389 632 482 674 suis
515 649 535 670 «
574 634 775 674 extrema
808 631 937 689 sequi
979 648 999 670 »
1040 631 1292 673 maluisset.
1325 655 1382 661 —
1413 629 1572 673 Differt
1609 631 1655 673 in
1694 630 1780 674 hoc

293 703 349 745 ab
388 702 630 745 Homerico
658 701 1008 745 Andromachae
1037 701 1231 759 conjuge
1258 700 1551 757 Vergilianus
1581 700 1778 745 Creusae

294 774 503 831 conjunx.

349 845 507 904 Neque
535 844 884 888 Andromachae
912 843 1129 888 Creusam
1155 845 1302 904 ipsam
1331 859 1429 889 esse
1450 845 1659 898 similem,
1685 845 1780 888 sive

290 917 463 976 potius,
495 920 544 960 ut
569 917 630 959 ita
658 916 827 970 dicam,
859 931 1039 975 parem,
1070 917 1143 959 vel
1180 916 1329 975 prima
1362 916 1460 972 ejus
1490 916 1633 959 verba
1665 917 1778 960 mire

291 988 528 1044 detegunt.

351 1059 581 1112 Quantum
609 1060 729 1102 enim
758 1059 968 1102 dissonae
991 1062 1093 1101 sunt
1120 1059 1179 1102 ab
1206 1058 1554 1102 Andromachae
1582 1059 1626 1101 in
1654 1062 1778 1102 sexto

290 1130 445 1174 Iliadis
472 1131 590 1173 libro
624 1130 1037 1181 adhortationibus,
1074 1129 1271 1173 Creusae
1305 1131 1350 1172 in
1384 1129 1585 1173 secundo
1617 1130 1780 1173 Aenei-

290 1202 359 1245 dis
387 1201 445 1244 ad
481 1202 693 1244 maritum
728 1201 1110 1260 supplicationes!
1141 1200 1241 1244 Scio
1277 1201 1489 1259 equidem
1517 1202 1562 1244 in
1589 1201 1665 1244 illa
1693 1203 1780 1244 Ae-

290 1289 401 1316 neae
429 1273 702 1316 narrationis
736 1277 864 1331 parte
894 1272 1034 1315 effuso
1070 1273 1116 1315 in
1151 1273 1312 1328 longas
1346 1273 1556 1331 querelas
1584 1273 1780 1316 maerori

290 1359 379 1387 non
414 1359 512 1387 esse
549 1344 700 1386 locum
738 1359 888 1401 neque
922 1348 1103 1401 tempus
1133 1370 1187 1375 —
1215 1358 1478 1401 quanquam
1510 1344 1648 1402 paulo
1675 1348 1778 1387 ante

289 1415 411 1458 idem
451 1416 628 1458 Aeneas
667 1415 906 1458 verbosius
945 1415 1147 1457 narravit
1187 1430 1299 1473 quas
1345 1415 1444 1473 ipse
1483 1415 1538 1458 de
1579 1415 1780 1458 Anchisa

291 1487 499 1545 querelas
528 1486 711 1538 fuderit,
739 1501 840 1529 cum
861 1490 1013 1529 tamen
1042 1486 1184 1528 cuivis
1206 1485 1436 1528 difficilius
1458 1487 1514 1528 sit
1537 1487 1778 1545 minusque

290 1557 457 1600 decens
486 1557 625 1600 verba
652 1557 822 1600 referre
851 1572 931 1600 sua
958 1571 1096 1615 quam
1118 1556 1280 1599 aliena.
1305 1557 1402 1599 Non
1424 1558 1564 1613 igitur
1590 1572 1778 1616 possum

291 1644 380 1671 non
415 1629 673 1671 existimare
701 1644 727 1671 a
753 1628 1027 1686 peritissimo
1055 1631 1205 1686 poeta,
1244 1643 1327 1686 per
1359 1629 1488 1671 istius
1517 1630 1776 1672 oratiuncu-

288 1700 374 1749 lae,
406 1705 621 1758 quattuor
646 1699 856 1742 versibus
884 1703 1136 1751 contentae,
1170 1700 1389 1757 exquisite
1412 1700 1587 1743 delecta
1616 1700 1772 1754 verba,

290 1772 420 1829 quasi
452 1771 637 1828 oblique
678 1771 923 1826 significari
958 1771 1231 1829 quantulum
1259 1771 1429 1814 Creusa
1456 1772 1501 1813 in
1530 1772 1680 1814 mariti
1709 1772 1778 1814 sui

290 1843 425 1885 domo
452 1843 688 1895 honorem,
714 1843 984 1900 quantulum
1014 1842 1058 1884 in
1092 1841 1300 1898 ejusdem
1327 1857 1481 1885 amore
1521 1843 1672 1886 locum
1700 1842 1778 1886 ob-

289 1914 513 1957 tineat2...

476 2042 514 2076 Si
536 2043 733 2084 periturus
753 2042 852 2082 abiS,
874 2045 912 2075 et
931 2050 1001 2074 nos
1021 2050 1115 2085 rapa
1134 2043 1173 2075 in
1195 2043 1325 2077 omnia
1346 2046 1474 2077 tecum
1492 2053 1500 2082 ς

475 2097 536 2128 sin
556 2096 728 2138 aliquam
750 2099 936 2137 expertus
957 2096 1125 2137 sumptis
1147 2105 1257 2139 spem
1279 2097 1392 2139 ponis
1413 2098 1453 2130 in
1473 2097 1606 2139 armis,

473 2149 574 2183 hanc
596 2149 761 2191 primam
784 2152 910 2182 tutare
931 2148 1103 2183 domum.

288 2262 447 2305 Nonne
499 2262 639 2304 habet
679 2261 910 2320 quandam
957 2263 1207 2306 siccitatem
1256 2263 1342 2306 hoc
1392 2283 1411 2303 «
1457 2268 1778 2321 argumentum

293 2335 467 2393 biceps,
501 2351 521 2374 »
551 2333 676 2392 quod
708 2338 909 2377 ceterum
942 2334 1120 2379 Aeneas
1153 2335 1431 2392 redarguere
1464 2351 1554 2379 non
1587 2335 1780 2394 posset?

337 2500 364 2532 1,
389 2498 506 2536 Iliad„
528 2498 581 2537 vl,
602 2498 674 2538 440,
696 2497 757 2529 450
777 2508 824 2539 sq.
849 2508 855 2530 :

629 2564 724 2596 ’Am'
746 2564 785 2596 οὔ
803 2576 856 2605 μοι
877 2564 1003 2605 Τρώων
1023 2565 1144 2596 τόσσον
1167 2563 1253 2604 μέλει
1275 2562 1372 2604 ἄλγος
1391 2561 1522 2596 ὀπίσσω

621 2613 689 2644 οὔτ’
711 2609 810 2651 αὐτῆς
832 2610 990 2652 Ἑκάῧης,
1014 2611 1087 2644 ὁύτε
1108 2609 1275 2652 Πριάμοιο
1297 2610 1437 2648 ἄνακτος

625 2660 698 2691 οὔτε
716 2658 923 2700 κασιγνήτων
929 2683 992 2693 .....

623 2706 741 2738 ”οσσον
762 2707 827 2739 σεῖ’
842 2706 895 2739 ὅτε
915 2706 968 2739 κέν
989 2719 1034 2744 τις
1062 2706 1213 2748 Ἀχαιῶν
1229 2705 1480 2748 χαλκοχιτὸνων

624 2750 851 2795 §unp-hoscam
873 2753 1032 2795 ἄγηται...

396 2817 498 2857 Ιὸἱά.,
519 2817 578 2849 484
601 2818 728 2855 ζΠόσις
748 2815 897 2859 δ’ἑλέησε
913 2818 1035 2859 νόησας

625 2866 733 2907 χειρί
754 2866 793 2898 τὲ
814 2879 876 2907 μιν
898 2866 1128 2908 κατέρεξεν,
1152 2866 1226 2903 ’ἔπος
1248 2865 1379 2908 τ’ἕφατ’
1400 2866 1435 2898 ’έκ
1450 2866 1482 2897 τ’
1498 2865 1668 2903 ονὸμαζεν.

336 2931 365 2962 ¹2.
389 2933 481 2963 Aen.
505 2931 541 2969 ll,
563 2930 623 2962 673
645 2941 714 2971 sqq.
