1889 3319
707 481 896 526 CAPUT
944 480 1262 526 SECUNDUM

855 629 920 674 DE
945 629 1117 674 AMATA.

302 955 419 999 Illud
458 956 599 999 habet
624 956 876 1012 vergiliana
902 956 1068 999 Amata
1107 958 1343 1015 proprium
1383 973 1435 1001 ac
1469 961 1628 1001 notatu
1663 958 1732 1000 di—

243 1028 529 1085 gnissimum,
572 1028 697 1086 quod
738 1042 1002 1086 quanquam
1043 1028 1088 1070 in
1124 1029 1376 1072 Aeneidem
1416 1029 1494 1072 ubi
1528 1030 1730 1087 primum

242 1099 430 1142 inducta
456 1098 513 1142 ab
540 1100 759 1142 Alectone
787 1099 1044 1145 invadatur.
1081 1126 1138 1131 -—
1172 1100 1286 1143 adeo
1321 1101 1532 1143 medullis
1569 1100 1735 1143 adhae-

244 1174 371 1214 rente
407 1174 457 1214 ut
482 1171 621 1213 Furia
655 1171 700 1213 in
737 1171 887 1213 locum
923 1171 1021 1226 ejus
1058 1186 1217 1214 revera
1253 1173 1499 1215 substituta
1533 1172 1734 1230 putanda

244 1244 316 1296 sit,
340 1269 397 1274 —
419 1257 500 1285 sua
520 1246 673 1285 tamen
702 1242 847 1285 Latini
875 1242 1059 1299 conjugi
1088 1258 1193 1285 vere
1222 1244 1441 1286 naturalis
1470 1247 1514 1286 et
1539 1244 1736 1287 feminea

245 1318 451 1357 servetur
476 1314 668 1356 indoles,

303 1385 505 1437 Etenim,
553 1411 610 1416 —-
653 1385 785 1427 sicuti
831 1385 962 1427 nobis
1009 1385 1065 1427 de
1101 1385 1277 1428 Didone
1323 1386 1598 1429 observandi
1638 1385 1736 1442 jam

245 1471 385 1515 supra
423 1457 554 1516 copia
586 1457 691 1509 fuit,
733 1482 791 1487 —
822 1457 884 1498 ita
923 1458 1198 1515 portentosis
1238 1458 1469 1501 miraculis
1502 1457 1736 1512 Vergilius

245 1528 309 1571 uti
337 1527 473 1581 solet,
504 1531 554 1571 ut
585 1542 910 1586 personarum,
941 1542 1054 1586 quas
1082 1529 1515 1587 repraesentaverit,
1547 1528 1737 1571 adfecti-

244 1599 328 1642 bus
352 1599 603 1642 secundum
625 1603 864 1642 consuetas
892 1604 934 1642 et
953 1600 1208 1643 ordinarias
1234 1605 1424 1643 naturae
1447 1601 1573 1657 leges
1593 1600 1736 1658 expli-

242 1671 397 1714 candis
426 1671 720 1714 nihilominus
750 1671 956 1713 sedulam
995 1671 1272 1729 impenderit
1307 1686 1510 1730 operam.
1541 1671 1735 1715 Tantum

245 1743 386 1798 igitur
407 1743 538 1785 abest
567 1746 613 1785 ut
641 1748 791 1801 poeta,
824 1743 930 1800 quia
958 1744 1186 1788 Amatam.
1218 1743 1277 1785 ab
1304 1743 1479 1786 inferna
1505 1743 1592 1785 dea
1619 1744 1738 1785 intus

244 1820 535 1872 occupatam,
573 1814 750 1856 arbitrii
788 1814 857 1856 sui
893 1828 982 1856 non
1012 1814 1109 1870 jam
1149 1829 1246 1857 esse
1287 1819 1546 1873 compotem
1582 1814 1734 1870 fingit,

245 1885 347 1928 ideo
370 1900 782 1944 supervacaneum
825 1900 923 1928 esse
961 1890 1143 1928 censeat
1181 1887 1387 1929 naturale
1426 1887 1599 1928 irarum
1639 1885 1737 1941 ejus

245 1957 580 1999 incrementum
615 1956 898 2008 describere,
938 1961 988 1999 ut
1020 1961 1177 2000 contra
1212 1957 1448 2000 muliebris
1481 1957 1646 1999 furoris
1679 1956 1738 1999 ab

246 2029 420 2084 origine
460 2044 605 2086 usque
642 2028 701 2071 ad
738 2029 906 2071 exitum
946 2029 1308 2087 copiosissimam
1345 2029 1467 2071 velut
1501 2029 1738 2071 historiam

247 2100 468 2142 evolverit
483 2101 510 2142 ¹.

305 2171 421 2213 Nam
474 2171 696 2229 primum,
735 2170 938 2227 Vergilio
978 2170 1117 2223 duce,
1163 2171 1382 2214 adsumus
1435 2171 1491 2214 ad
1539 2190 1559 2210 «
1598 2171 1738 2213 limen

243 2243 450 2295 Amatae,
484 2260 504 2281 »
534 2242 658 2300 quod
686 2242 873 2300 quidem
903 2259 923 2283 κ
953 2243 1143 2286 tacitum
1162 2243 1175 2264 ²
1207 2261 1226 2282 »
1257 2243 1477 2301 appellat.
1515 2243 1600 2286 Illo
1630 2257 1737 2286 vero

290 2398 318 2428 1.
347 2397 469 2428 Recens
489 2397 620 2438 quidam
643 2397 838 2438 philologus,
861 2398 954 2437 cujus
975 2398 1015 2429 de
1044 2397 1178 2437 Vergilii
1201 2400 1267 2428 arte
1290 2397 1435 2428 imitandi
1458 2397 1643 2428 dissertatio
1665 2397 1739 2437 plu-

247 2446 361 2476 rimum
386 2445 458 2476 boni
482 2445 578 2476 habet
599 2445 729 2485 (CACER,
749 2456 802 2486 op.
825 2446 893 2483 cit.,
916 2455 946 2486 p.
971 2445 1040 2486 22),
1063 2445 1102 2476 de
1124 2445 1183 2476 hoc
1213 2454 1384 2485 perperam
1407 2445 1526 2476 sentire
1551 2445 1627 2475 mihi
1649 2444 1738 2476 vide—

248 2496 298 2523 tur
319 2503 326 2524 ε
351 2506 364 2520 κ
391 2491 505 2533 Vez‘qil
532 2493 578 2531 [in
601 2493 741 2532 Amata)
770 2492 832 2524 hat
859 2493 914 2524 die
939 2493 1107 2535 ,qeyebene
1132 2492 1499 2534 <psychol09ische>
1532 2492 1738 2523 Voransset-

249 2550 337 2581 :1029
359 2540 456 2572 nicht
478 2540 638 2576 benun&
658 2550 696 2572 et·
715 2551 786 2572 ιιάν
806 2541 906 2572 nicht
931 2541 1111 2581 :ufrieden
1136 2540 1247 2572 durch
1278 2541 1392 2571 ll'orte
1415 2540 1472 2571 (lie
1491 2539 1739 2580 Leidenscllaft

247 2589 396 2629 sleiqern
421 2598 460 2618 :u
481 2587 613 2625 lassen;
630 2589 684 2620 ein
706 2588 929 2630 leiblzafligyes
963 2589 1119 2620 Wunder
1145 2591 1273 2620 musste
1303 2588 1534 2630 yesclzehen...
1554 2589 1617 2620 Die
1638 2588 1739 2620 ilber-

248 2635 448 2667 natz‘irliche
467 2636 732 2677 Einzcirlsuny...
756 2637 842 2668 zeird
858 2637 891 2668 in
904 2637 1018 2668 dieser
1033 2636 1273 2677 zvrqrfferten
1286 2637 1504 2678 Auffasszmy
1524 2647 1587 2667 :ur
1601 2637 1740 2677 Haupt-

246 2683 362 2720 sache,
385 2683 457 2714 und
475 2694 569 2715 :zi-(11-
588 2685 623 2715 in
647 2684 775 2716 diesem
804 2684 902 2716 Falle
931 2694 1041 2725 φυηρ
1062 2684 1149 2715 ohne
1176 2685 1260 2721 Not,
1288 2684 1361 2716 ziteil
1382 2685 1416 2716 in
1437 2684 1513 2715 dem
1546 2684 1737 2716 Seelenzu-

247 2731 373 2763 stande
393 2731 453 2762 der
473 2732 606 2763 Amata
626 2732 684 2762 ein
705 2731 887 2763 Aztsbrztch
908 2731 968 2764 cles
986 2733 1115 2763 Zornes
1138 2732 1342 2764 vorberedet
1362 2742 1442 2765 zvar.
1461 2745 1475 2759 υ

288 2779 318 2810 2.
340 2778 407 2815 VII,
428 2778 500 2810 343.
524 2792 538 2807 «
566 2780 721 2811 Tacitum
748 2789 807 2820 pro
831 2780 935 2811 tacite
959 2793 985 2812 ».
1013 2780 1161 2817 vairs,
1184 2781 1234 2811 cui
1263 2780 1442 2810 adsentitur
1462 2780 1489 2811 J.
1514 2779 1636 2812 Hzxav.
1669 2779 1737 2817 Quo

246 2827 347 2858 verbo
377 2827 480 2857 noetis
508 2827 670 2858 silentium
700 2828 806 2867 potius
839 2828 1014 2868 significari
1052 2831 1140 2867 putat
1173 2827 1364 2859 Com-amm
1400 2827 1466 2867 Ego
1500 2828 1542 2858 LA
1574 2827 1677 2858 Ceam
1708 2830 1739 2858 et

251 2874 358 2904 Herse
383 2883 512 2914 sequor,
538 2874 669 2905 Amatae
691 2875 871 2912 tristitiam,
900 2875 1078 2915 domusque
1105 2876 1173 2915 ejus
1201 2875 1378 2912 silentium,
1408 2875 1511 2906 obiter
1537 2877 1569 2906 et
1594 2884 1657 2906 una
1686 2874 1738 2905 hic

253 2921 417 2962 designari
436 2921 653 2954 censentibus,
683 2922 732 2955 LA
755 2921 860 2954 Ceam
883 2932 890 2953 :
914 2935 928 2950 (ι
951 2921 1071 2961 Quia...
1094 2923 1207 2954 Amata
1227 2925 1294 2953 tota
1314 2922 1408 2954 intus
1435 2922 1633 2964 coquebatur
1652 2922 1738 2954 curis
