1889 3319
263 149 320 191 24
864 164 965 193 PARS
997 164 1134 193 Paion.

260 279 375 321 iram
403 279 709 337 praeposteris
738 279 990 323 maledictis
1018 281 1064 322 in
1092 295 1138 322 se
1165 281 1375 334 concitet,
1416 284 1535 323 tacet
1569 281 1751 324 Andro-

262 350 470 393 macha¹.
502 349 615 393 Cum
642 350 809 394 idonea
840 352 906 393 illi
933 352 1219 410 oppetendae
1256 353 1415 395 mortis
1443 352 1636 406 occasio,
1664 353 1751 396 nisi

264 421 538 464 Graecorum
566 422 773 480 imperiis
809 428 982 481 pareat.
1020 423 1174 466 oblata
1208 423 1285 475 sit,
1315 426 1461 482 paret.
1492 423 1750 480 Polyxenae

262 507 409 551 nuper
446 492 709 546 invidebat;
751 493 1006 550 Polyxenae
1039 494 1182 537 fatum
1224 509 1281 537 ne
1316 499 1561 549 mereatur,
1605 499 1749 538 cavet.

266 563 391 606 Unde
418 579 525 606 vere
553 565 717 621 conjici
745 566 888 623 possit
915 566 1041 607 illam
1078 566 1150 608 vel
1184 567 1228 608 in
1269 581 1447 609 summo
1474 567 1552 608 illo
1581 566 1752 609 doloris

263 635 454 678 articulo
488 651 578 678 non
606 636 799 678 multum
829 636 886 679 ab
915 637 1104 679 Hecuba
1139 637 1401 690 dissentire,
1440 652 1543 680 cum
1584 638 1753 681 Priami

263 722 399 749 senex
425 722 552 759 uxor,
583 708 628 749 in
656 712 779 750 tanta
808 708 1001 751 orbitate
1029 709 1325 751 nihilominus
1358 710 1558 768 sapienS‚
1588 710 1752 752 miser-

262 779 425 821 rimam
455 779 589 821 etiam
621 780 759 821 vitam
805 784 1054 823 maturatae
1103 782 1235 823 morti
1273 781 1624 839 praeferendam
1655 796 1753 824 esse

263 849 548 894 deela12at2...
576 851 766 893 Tantam
801 851 987 909 quidem
1015 852 1305 907 grandaevae
1340 853 1543 895 mulieris
1572 854 1754 911 sapien-

261 922 388 973 tiam,
414 937 678 981 quanquam
700 922 837 981 paulo
863 923 1056 966 nimium
1082 923 1304 967 humilem
1331 929 1373 967 et
1401 924 1644 980 abjectam,
1664 939 1753 967 non

263 997 516 1051 stupemus,
547 994 661 1036 illud
701 999 946 1053 utrumque
997 999 1285 1054 reputanteS.
1330 1010 1382 1038 eo
1427 997 1572 1051 magis
1616 1011 1751 1054 saepe

261 1064 513 1107 adhaerere
559 1066 677 1108 vitae
720 1081 872 1111 senes.
921 1082 1010 1125 quo
1051 1068 1289 1126 propiores
1332 1068 1467 1110 morti
1506 1068 1614 1121 sint,
1657 1082 1753 1110 eos-

262 1137 460 1195 demque
489 1137 750 1196 aliquandQ
783 1153 882 1180 cum
919 1139 1074 1181 multis
1109 1144 1151 1181 et
1184 1139 1434 1182 humanum
1467 1139 1654 1182 modum
1683 1155 1754 1182 ex-

261 1208 528 1251 cedentibus
557 1210 788 1251 aerumnis
816 1211 945 1267 quasi
979 1209 1184 1268 depressi
1213 1215 1349 1268 atque
1377 1211 1516 1253 attriti
1545 1210 1748 1266 jaceant,

261 1279 319 1322 ad
347 1280 721 1338 supervenientes
741 1280 922 1323 dolores
945 1281 1254 1325 indurescere.
1271 1281 1509 1324 Juniorem
1523 1297 1631 1325 vero
1653 1296 1751 1325 esse

256 1351 517 1408 judicamus
539 1351 723 1394 viduam
752 1352 959 1395 Hectoris
981 1368 1165 1396 uxorem
1187 1368 1324 1411 quam
1342 1357 1393 1396 ut
1415 1353 1626 1396 omnibus
1648 1367 1752 1395 suo-

261 1437 361 1465 rum
389 1423 689 1466 cadaveribus
712 1424 991 1466 circumdata
1019 1428 1167 1467 tantas
1189 1425 1470 1468 calamitates
1491 1429 1583 1467 tam
1605 1440 1750 1483 aequo

261 1495 412 1537 animo
438 1494 568 1538 ferat.

321 1565 421 1619 Qua
447 1566 633 1624 quidem
662 1570 871 1626 praecoci
899 1584 1052 1611 rerum
1079 1568 1323 1627 prudentia
1352 1569 1628 1628 Euripideae
1655 1570 1749 1612 An-

260 1636 533 1680 dromachae
561 1638 606 1680 in
625 1638 889 1682 defunctum
912 1640 1155 1696 conjugem
1180 1641 1342 1683 caritas
1371 1640 1577 1683 nonnihil
1603 1641 1750 1684 immi-

259 1709 335 1751 nui
363 1709 560 1762 videtur,
590 1709 728 1768 idque
756 1712 798 1753 in
823 1712 933 1770 ipsis
963 1711 1227 1766 Troadibus,
1258 1713 1429 1755 scilicet
1457 1713 1583 1770 prius
1612 1713 1749 1756 etiam

258 1796 396 1838 quam
425 1781 480 1823 de
507 1783 655 1840 patrio
685 1783 780 1825 solo
806 1799 918 1825 uxor
941 1784 1148 1826 Hectoris
1178 1785 1437 1826 excesserit.
1462 1803 1480 1822 «
1507 1784 1749 1827 Hectorem

257 1852 425 1895 deflere
456 1853 654 1907 desinas,
685 1881 742 1886 —
779 1855 925 1913 iuquit
966 1857 1004 1897 ei
1048 1856 1263 1909 IIecuba;
1306 1883 1361 1887 —-
1398 1858 1570 1914 quippe
1613 1872 1751 1915 quem

255 1939 344 1967 non
382 1925 502 1967 ullae
544 1931 842 1969 revocaturae
887 1928 973 1969 sint
1023 1928 1239 1970 lacrimae
1258 1927 1285 1970 ³.
1334 1947 1352 1966 »
1411 1928 1549 1984 Cujus
1599 1932 1751 1971 autem

256 1996 442 2039 consilio
470 1997 793 2041 Andromacha
816 2013 917 2041 mox
938 1999 1223 2057 obsequitur,
1247 1999 1595 2058 futurorumque
1616 2000 1750 2042 nimis

255 2068 359 2115 cito,
390 2073 438 2110 ut
466 2069 660 2121 videtur,
690 2070 907 2128 provida,
947 2071 1042 2126 jam
1083 2075 1179 2113 tum
1208 2086 1254 2113 se
1287 2071 1538 2127 interrogat
1564 2071 1748 2129 qualem

255 2153 301 2182 se
331 2154 440 2196 erga
468 2141 819 2199 Neoptolemum
846 2142 1071 2200 praebere
1099 2142 1279 2196 debeat,
1311 2158 1447 2201 quem
1475 2157 1629 2185 amare
1656 2158 1747 2186 non

254 2210 429 2265 deceat,
461 2212 609 2255 odisse
632 2228 739 2256 vero
767 2229 856 2257 non
883 2215 1071 2273 prosit&

315 2283 415 2336 Quo
442 2288 595 2326 autem
623 2284 759 2327 modo
787 2285 1021 2328 difficilem
1047 2301 1144 2329 rem
1176 2287 1308 2329 istam
1337 2287 1602 2345 expedierit,
1629 2302 1652 2330 e
1677 2287 1745 2330 fa-

253 2353 377 2407 bula,
397 2356 467 2398 cui
484 2370 650 2398 nomen
667 2357 766 2412 ejus
784 2358 927 2415 ipsius
944 2358 1225 2412 inscribitur,
1246 2359 1567 2417 comperimus.
1585 2359 1744 2417 Neque

252 2426 405 2484 inique
433 2427 627 2470 tolerare
669 2428 914 2471 conubium
948 2429 1271 2472 Andromacha
1303 2430 1485 2472 videtur
1518 2435 1739 2473 coactum.

253 2496 529 2549 Querentem
559 2503 679 2542 certe
706 2515 939 2558 nunquam
970 2515 1068 2543 eam
1097 2501 1323 2554 audimus,
1351 2502 1423 2544 vel
1448 2502 1614 2560 prioris
1642 2517 1744 2544 con-

244 2567 363 2625 jugii
377 2570 706 2613 inconsolabile
724 2571 1002 2614 desiderium
1027 2573 1375 2628 significantem.
1398 2573 1614 2616 Hecubae
1633 2588 1742 2616 vero

291 2723 317 2753 1.
351 2723 486 2758 Troad..
511 2724 655 2758 ἰΞἪ-ῙῙΞ.

289 2771 320 2801 2.
346 2772 481 2806 Τιό(ιι1,,
504 2773 649 2804 eet-528.

289 2820 320 2849 3.
344 2820 479 2857 Troad„
500 2820 561 2851 690
582 2831 652 2861 sqq.

290 2865 320 2897 4.
345 2867 480 2905 Troasl„
499 2868 560 2899 656
580 2878 663 2908 sqq:
687 2867 745 2902 Κεῖ
768 2871 822 2911 μὲν
839 2872 1021 2912 παρώσας’
1036 2872 1197 2913 ’Έκτορος
1220 2872 1309 2913 esum
1326 2871 1424 2913 κάρα,
1447 2876 1507 2904 etc.
