<?xml version="1.0" encoding="UTF-8"?>
<!DOCTYPE html PUBLIC "-//W3C//DTD XHTML 1.0 Transitional//EN"
    "http://www.w3.org/TR/xhtml1/DTD/xhtml1-transitional.dtd">
<html xmlns="http://www.w3.org/1999/xhtml" xml:lang="en" lang="en">
 <head>
  <title>
</title>
<meta http-equiv="Content-Type" content="text/html;charset=utf-8" />
  <meta name='ocr-system' content='tesseract 3.04.00' />
  <meta name='ocr-capabilities' content='ocr_page ocr_carea ocr_par ocr_line ocrx_word'/>
</head>
<body>
  <div class='ocr_page' id='page_1' title='image "./devergilioininfo00rbuoft_0137.png"; bbox 0 0 1889 3319; ppageno 0'>
   <div class='ocr_carea' id='block_1_1' title="bbox 675 200 1614 243">
    <p class='ocr_par' dir='ltr' id='par_1_1' title="bbox 675 200 1614 243">
     <span class='ocr_line' id='line_1_1' title="bbox 675 200 1614 243; baseline -0.001 -1"><span class='ocrx_word' id='word_1_1' title='bbox 675 214 803 243; x_wconf 82' lang='lat' dir='ltr'><strong>CAPUT</strong></span> <span class='ocrx_word' id='word_1_2' title='bbox 838 213 1066 242; x_wconf 77' lang='lat' dir='ltr'><strong>SECUNDUM.</strong></span> <span class='ocrx_word' id='word_1_3' title='bbox 1533 200 1614 241; x_wconf 88' lang='lat'>117</span> 
     </span>
    </p>
   </div>
   <div class='ocr_carea' id='block_1_2' title="bbox 131 327 1619 885">
    <p class='ocr_par' dir='ltr' id='par_1_2' title="bbox 131 327 1619 885">
     <span class='ocr_line' id='line_1_2' title="bbox 133 327 1617 388; baseline -0.001 -16"><span class='ocrx_word' id='word_1_4' title='bbox 133 328 450 388; x_wconf 84' lang='lat' dir='ltr'>expergefacta</span> <span class='ocrx_word' id='word_1_5' title='bbox 476 329 730 387; x_wconf 57' lang='lat' dir='ltr'>obstupew.</span> <span class='ocrx_word' id='word_1_6' title='bbox 767 330 892 372; x_wconf 92' lang='lat' dir='ltr'>Tunc</span> <span class='ocrx_word' id='word_1_7' title='bbox 927 330 1046 372; x_wconf 90' lang='lat' dir='ltr'>enim</span> <span class='ocrx_word' id='word_1_8' title='bbox 1080 328 1285 384; x_wconf 78' lang='lat' dir='ltr'>reginam</span> <span class='ocrx_word' id='word_1_9' title='bbox 1311 341 1497 386; x_wconf 87' lang='lat' dir='ltr'>prorsus</span> <span class='ocrx_word' id='word_1_10' title='bbox 1528 327 1617 370; x_wconf 83' lang='lat' dir='ltr'>dis-</span> 
     </span>
     <span class='ocr_line' id='line_1_3' title="bbox 134 399 1617 458; baseline -0.002 -15"><span class='ocrx_word' id='word_1_11' title='bbox 134 400 328 444; x_wconf 83' lang='lat' dir='ltr'>similem</span> <span class='ocrx_word' id='word_1_12' title='bbox 360 399 418 442; x_wconf 90' lang='lat' dir='ltr'>ab</span> <span class='ocrx_word' id='word_1_13' title='bbox 443 399 537 452; x_wconf 88' lang='lat' dir='ltr'>illa,</span> <span class='ocrx_word' id='word_1_14' title='bbox 568 414 704 458; x_wconf 86' lang='lat' dir='ltr'>quam</span> <span class='ocrx_word' id='word_1_15' title='bbox 732 415 879 458; x_wconf 80' lang='lat' dir='ltr'>nuper</span> <span class='ocrx_word' id='word_1_16' title='bbox 905 400 1019 443; x_wconf 89' lang='lat' dir='ltr'>adeo</span> <span class='ocrx_word' id='word_1_17' title='bbox 1050 399 1249 442; x_wconf 83' lang='lat' dir='ltr'>ferocem</span> <span class='ocrx_word' id='word_1_18' title='bbox 1277 402 1320 441; x_wconf 90' lang='lat' dir='ltr'>et</span> <span class='ocrx_word' id='word_1_19' title='bbox 1352 399 1617 441; x_wconf 81' lang='lat' dir='ltr'>bellicosam</span> 
     </span>
     <span class='ocr_line' id='line_1_4' title="bbox 132 470 1618 527; baseline -0.002 -13"><span class='ocrx_word' id='word_1_20' title='bbox 132 471 345 525; x_wconf 88' lang='lat' dir='ltr'>vidimus,</span> <span class='ocrx_word' id='word_1_21' title='bbox 376 470 608 526; x_wconf 87' lang='lat' dir='ltr'>Vergilius</span> <span class='ocrx_word' id='word_1_22' title='bbox 642 471 770 514; x_wconf 84' lang='lat' dir='ltr'>nobis</span> <span class='ocrx_word' id='word_1_23' title='bbox 807 472 991 527; x_wconf 85' lang='lat' dir='ltr'>subjicit</span> <span class='ocrx_word' id='word_1_24' title='bbox 1027 485 1035 514; x_wconf 92' lang='lat'><strong>:</strong></span> <span class='ocrx_word' id='word_1_25' title='bbox 1074 489 1093 510; x_wconf 88' lang='lat'>«</span> <span class='ocrx_word' id='word_1_26' title='bbox 1124 471 1309 513; x_wconf 90' lang='lat' dir='ltr'>flentem</span> <span class='ocrx_word' id='word_1_27' title='bbox 1345 488 1365 510; x_wconf 79' lang='grc'>&gt;&gt;</span> <span class='ocrx_word' id='word_1_28' title='bbox 1402 470 1618 512; x_wconf 88' lang='lat' dir='ltr'>nimirum</span> 
     </span>
     <span class='ocr_line' id='line_1_5' title="bbox 134 541 1614 599; baseline -0.002 -14"><span class='ocrx_word' id='word_1_29' title='bbox 134 546 178 585; x_wconf 90' lang='lat' dir='ltr'>et</span> <span class='ocrx_word' id='word_1_30' title='bbox 215 542 272 585; x_wconf 89' lang='lat' dir='ltr'>ad</span> <span class='ocrx_word' id='word_1_31' title='bbox 310 556 461 598; x_wconf 85' lang='lat' dir='ltr'>genua</span> <span class='ocrx_word' id='word_1_32' title='bbox 500 541 654 595; x_wconf 88' lang='lat' dir='ltr'>Turni,</span> <span class='ocrx_word' id='word_1_33' title='bbox 697 558 752 585; x_wconf 90' lang='lat' dir='ltr'>ne</span> <span class='ocrx_word' id='word_1_34' title='bbox 792 542 1088 584; x_wconf 84' lang='lat' dir='ltr'>dimicaturus</span> <span class='ocrx_word' id='word_1_35' title='bbox 1124 542 1272 594; x_wconf 87' lang='lat' dir='ltr'>abeat,</span> <span class='ocrx_word' id='word_1_36' title='bbox 1310 541 1614 599; x_wconf 76' lang='lat' dir='ltr'>provolutam,</span> 
     </span>
     <span class='ocr_line' id='line_1_6' title="bbox 131 613 1617 672; baseline -0.002 -16"><span class='ocrx_word' id='word_1_37' title='bbox 131 614 375 672; x_wconf 86' lang='lat' dir='ltr'>futuraque</span> <span class='ocrx_word' id='word_1_38' title='bbox 410 616 555 656; x_wconf 90' lang='lat' dir='ltr'>morte</span> <span class='ocrx_word' id='word_1_39' title='bbox 594 613 840 671; x_wconf 85' lang='lat' dir='ltr'>pallentem</span> <span class='ocrx_word' id='word_1_40' title='bbox 860 614 888 655; x_wconf 73' lang='lat'>².</span> <span class='ocrx_word' id='word_1_41' title='bbox 940 614 1031 655; x_wconf 91' lang='lat' dir='ltr'>Nec</span> <span class='ocrx_word' id='word_1_42' title='bbox 1076 613 1295 655; x_wconf 75' lang='lat' dir='ltr'>miramur</span> <span class='ocrx_word' id='word_1_43' title='bbox 1333 613 1617 670; x_wconf 79' lang='lat' dir='ltr'>repentinam</span> 
     </span>
     <span class='ocr_line' id='line_1_7' title="bbox 132 683 1618 741; baseline -0.001 -14"><span class='ocrx_word' id='word_1_44' title='bbox 132 685 264 727; x_wconf 89' lang='lat' dir='ltr'>istam</span> <span class='ocrx_word' id='word_1_45' title='bbox 297 684 436 726; x_wconf 86' lang='lat' dir='ltr'>animi</span> <span class='ocrx_word' id='word_1_46' title='bbox 474 685 835 738; x_wconf 82' lang='lat' dir='ltr'>conversionem,</span> <span class='ocrx_word' id='word_1_47' title='bbox 877 698 979 726; x_wconf 89' lang='lat' dir='ltr'>cum</span> <span class='ocrx_word' id='word_1_48' title='bbox 1013 684 1182 741; x_wconf 90' lang='lat' dir='ltr'>optime</span> <span class='ocrx_word' id='word_1_49' title='bbox 1225 687 1358 741; x_wconf 87' lang='lat' dir='ltr'>poeta</span> <span class='ocrx_word' id='word_1_50' title='bbox 1396 683 1618 725; x_wconf 89' lang='lat' dir='ltr'>violentos</span> 
     </span>
     <span class='ocr_line' id='line_1_8' title="bbox 132 753 1619 813; baseline -0.002 -15"><span class='ocrx_word' id='word_1_51' title='bbox 132 756 323 799; x_wconf 83' lang='lat' dir='ltr'>Amatae</span> <span class='ocrx_word' id='word_1_52' title='bbox 357 769 515 797; x_wconf 86' lang='lat' dir='ltr'>sensus</span> <span class='ocrx_word' id='word_1_53' title='bbox 548 756 830 813; x_wconf 73' lang='lat' dir='ltr'>patefecerit,</span> <span class='ocrx_word' id='word_1_54' title='bbox 860 755 932 797; x_wconf 89' lang='lat' dir='ltr'>vel</span> <span class='ocrx_word' id='word_1_55' title='bbox 958 756 1003 797; x_wconf 88' lang='lat' dir='ltr'>in</span> <span class='ocrx_word' id='word_1_56' title='bbox 1030 755 1178 812; x_wconf 89' lang='lat' dir='ltr'>primo</span> <span class='ocrx_word' id='word_1_57' title='bbox 1206 768 1341 797; x_wconf 90' lang='lat' dir='ltr'>versu</span> <span class='ocrx_word' id='word_1_58' title='bbox 1366 754 1412 796; x_wconf 91' lang='lat' dir='ltr'>in</span> <span class='ocrx_word' id='word_1_59' title='bbox 1439 769 1529 811; x_wconf 87' lang='lat' dir='ltr'>quo</span> <span class='ocrx_word' id='word_1_60' title='bbox 1563 753 1619 796; x_wconf 90' lang='lat' dir='ltr'>de</span> 
     </span>
     <span class='ocr_line' id='line_1_9' title="bbox 132 827 1003 885; baseline 0.001 -16"><span class='ocrx_word' id='word_1_61' title='bbox 132 827 211 870; x_wconf 90' lang='lat' dir='ltr'>illa</span> <span class='ocrx_word' id='word_1_62' title='bbox 235 827 280 869; x_wconf 90' lang='lat' dir='ltr'>in</span> <span class='ocrx_word' id='word_1_63' title='bbox 299 830 509 885; x_wconf 87' lang='lat' dir='ltr'>poemate</span> <span class='ocrx_word' id='word_1_64' title='bbox 532 827 699 869; x_wconf 92' lang='lat' dir='ltr'>mentio</span> <span class='ocrx_word' id='word_1_65' title='bbox 725 827 843 869; x_wconf 84' lang='lat' dir='ltr'>facta</span> <span class='ocrx_word' id='word_1_66' title='bbox 870 830 963 869; x_wconf 72' lang='lat' dir='ltr'>est-⁹³</span> <span class='ocrx_word' id='word_1_67' title='bbox 994 841 1003 870; x_wconf 75' lang='grc' dir='ltr'>ε</span> 
     </span>
    </p>
   </div>
   <div class='ocr_carea' id='block_1_3' title="bbox 423 956 1292 1052">
    <p class='ocr_par' dir='ltr' id='par_1_3' title="bbox 423 956 1292 1052">
     <span class='ocr_line' id='line_1_10' title="bbox 671 956 1084 998; baseline -0.002 -9.123"><span class='ocrx_word' id='word_1_68' title='bbox 671 957 793 996; x_wconf 88' lang='lat' dir='ltr'>Quem</span> <span class='ocrx_word' id='word_1_69' title='bbox 815 956 919 998; x_wconf 85' lang='lat' dir='ltr'>regia</span> <span class='ocrx_word' id='word_1_70' title='bbox 940 956 1084 998; x_wconf 79' lang='lat' dir='ltr'>conjux</span> 
     </span>
     <span class='ocr_line' id='line_1_11' title="bbox 423 1010 1292 1052; baseline -0.005 -8"><span class='ocrx_word' id='word_1_71' title='bbox 423 1010 584 1052; x_wconf 78' lang='lat' dir='ltr'>adengi</span> <span class='ocrx_word' id='word_1_72' title='bbox 605 1019 794 1052; x_wconf 79' lang='lat' dir='ltr'>generum</span> <span class='ocrx_word' id='word_1_73' title='bbox 814 1012 906 1041; x_wconf 80' lang='lat' dir='ltr'>miro</span> <span class='ocrx_word' id='word_1_74' title='bbox 926 1010 1142 1052; x_wconf 72' lang='lat' dir='ltr'>properabat</span> <span class='ocrx_word' id='word_1_75' title='bbox 1160 1019 1292 1041; x_wconf 76' lang='lat' dir='ltr'>amore.</span> 
     </span>
    </p>
   </div>
   <div class='ocr_carea' id='block_1_4' title="bbox 134 1122 1627 2037">
    <p class='ocr_par' dir='ltr' id='par_1_4' title="bbox 134 1122 1626 1394">
     <span class='ocr_line' id='line_1_12' title="bbox 194 1122 1624 1181; baseline 0 -16"><span class='ocrx_word' id='word_1_76' title='bbox 194 1123 346 1165; x_wconf 87' lang='lat' dir='ltr'>Nimia</span> <span class='ocrx_word' id='word_1_77' title='bbox 387 1122 528 1178; x_wconf 88' lang='lat' dir='ltr'>igitur</span> <span class='ocrx_word' id='word_1_78' title='bbox 566 1126 633 1166; x_wconf 87' lang='lat' dir='ltr'>est</span> <span class='ocrx_word' id='word_1_79' title='bbox 664 1122 710 1163; x_wconf 88' lang='lat' dir='ltr'>in</span> <span class='ocrx_word' id='word_1_80' title='bbox 744 1137 924 1179; x_wconf 84' lang='lat' dir='ltr'>quaque</span> <span class='ocrx_word' id='word_1_81' title='bbox 952 1137 1000 1164; x_wconf 88' lang='lat' dir='ltr'>re</span> <span class='ocrx_word' id='word_1_82' title='bbox 1029 1126 1072 1164; x_wconf 87' lang='lat' dir='ltr'>et</span> <span class='ocrx_word' id='word_1_83' title='bbox 1098 1122 1366 1176; x_wconf 88' lang='lat' dir='ltr'>immodica;</span> <span class='ocrx_word' id='word_1_84' title='bbox 1395 1138 1485 1181; x_wconf 84' lang='lat' dir='ltr'>quo</span> <span class='ocrx_word' id='word_1_85' title='bbox 1514 1137 1624 1179; x_wconf 86' lang='lat' dir='ltr'>ergo</span> 
     </span>
     <span class='ocr_line' id='line_1_13' title="bbox 136 1193 1625 1252; baseline 0 -15"><span class='ocrx_word' id='word_1_86' title='bbox 136 1194 377 1252; x_wconf 87' lang='lat' dir='ltr'>superbius</span> <span class='ocrx_word' id='word_1_87' title='bbox 406 1209 457 1236; x_wconf 87' lang='lat' dir='ltr'>ac</span> <span class='ocrx_word' id='word_1_88' title='bbox 484 1194 630 1249; x_wconf 83' lang='lat' dir='ltr'>magis</span> <span class='ocrx_word' id='word_1_89' title='bbox 658 1208 790 1235; x_wconf 83' lang='lat' dir='ltr'>saeve</span> <span class='ocrx_word' id='word_1_90' title='bbox 826 1194 869 1235; x_wconf 89' lang='lat' dir='ltr'>in</span> <span class='ocrx_word' id='word_1_91' title='bbox 899 1193 1123 1251; x_wconf 88' lang='lat' dir='ltr'>principio</span> <span class='ocrx_word' id='word_1_92' title='bbox 1151 1193 1431 1237; x_wconf 83' lang='lat' dir='ltr'>debacchata</span> <span class='ocrx_word' id='word_1_93' title='bbox 1459 1198 1540 1248; x_wconf 89' lang='lat' dir='ltr'>est,</span> <span class='ocrx_word' id='word_1_94' title='bbox 1573 1209 1625 1237; x_wconf 91' lang='lat' dir='ltr'>eo</span> 
     </span>
     <span class='ocr_line' id='line_1_14' title="bbox 135 1264 1626 1320; baseline 0.001 -13"><span class='ocrx_word' id='word_1_95' title='bbox 135 1265 377 1308; x_wconf 88' lang='lat' dir='ltr'>demissius</span> <span class='ocrx_word' id='word_1_96' title='bbox 416 1280 536 1308; x_wconf 91' lang='lat' dir='ltr'>nunc</span> <span class='ocrx_word' id='word_1_97' title='bbox 564 1264 705 1320; x_wconf 82' lang='lat' dir='ltr'>affligi</span> <span class='ocrx_word' id='word_1_98' title='bbox 751 1264 996 1306; x_wconf 86' lang='lat' dir='ltr'>verisimile</span> <span class='ocrx_word' id='word_1_99' title='bbox 1041 1269 1110 1307; x_wconf 85' lang='lat' dir='ltr'>est</span> <span class='ocrx_word' id='word_1_100' title='bbox 1152 1266 1393 1308; x_wconf 86' lang='lat' dir='ltr'>infractum</span> <span class='ocrx_word' id='word_1_101' title='bbox 1439 1266 1626 1308; x_wconf 86' lang='lat' dir='ltr'>calami-</span> 
     </span>
     <span class='ocr_line' id='line_1_15' title="bbox 134 1336 1464 1394; baseline 0 -15"><span class='ocrx_word' id='word_1_102' title='bbox 134 1336 304 1379; x_wconf 87' lang='lat' dir='ltr'>tatibus</span> <span class='ocrx_word' id='word_1_103' title='bbox 332 1337 532 1379; x_wconf 88' lang='lat' dir='ltr'>animum</span> <span class='ocrx_word' id='word_1_104' title='bbox 561 1340 606 1378; x_wconf 92' lang='lat' dir='ltr'>et</span> <span class='ocrx_word' id='word_1_105' title='bbox 632 1336 762 1393; x_wconf 86' lang='lat' dir='ltr'>quasi</span> <span class='ocrx_word' id='word_1_106' title='bbox 790 1336 834 1377; x_wconf 91' lang='lat' dir='ltr'>in</span> <span class='ocrx_word' id='word_1_107' title='bbox 862 1351 908 1377; x_wconf 88' lang='lat' dir='ltr'>se</span> <span class='ocrx_word' id='word_1_108' title='bbox 936 1350 989 1377; x_wconf 85' lang='lat' dir='ltr'>ex</span> <span class='ocrx_word' id='word_1_109' title='bbox 1015 1336 1105 1378; x_wconf 87' lang='lat' dir='ltr'>alto</span> <span class='ocrx_word' id='word_1_110' title='bbox 1132 1337 1464 1394; x_wconf 86' lang='lat' dir='ltr'>prolabentem.</span> 
     </span>
    </p>

    <p class='ocr_par' dir='ltr' id='par_1_5' title="bbox 136 1407 1627 1966">
     <span class='ocr_line' id='line_1_16' title="bbox 196 1407 1626 1466; baseline 0.001 -17"><span class='ocrx_word' id='word_1_111' title='bbox 196 1407 289 1450; x_wconf 91' lang='lat' dir='ltr'>Nec</span> <span class='ocrx_word' id='word_1_112' title='bbox 326 1407 733 1466; x_wconf 87' lang='lat' dir='ltr'>praetermittenda</span> <span class='ocrx_word' id='word_1_113' title='bbox 772 1411 874 1449; x_wconf 85' lang='lat' dir='ltr'>sunt</span> <span class='ocrx_word' id='word_1_114' title='bbox 906 1407 1047 1449; x_wconf 86' lang='lat' dir='ltr'>verba</span> <span class='ocrx_word' id='word_1_115' title='bbox 1079 1408 1244 1465; x_wconf 88' lang='lat' dir='ltr'>quibus</span> <span class='ocrx_word' id='word_1_116' title='bbox 1278 1409 1480 1450; x_wconf 85' lang='lat' dir='ltr'>Turnum</span> <span class='ocrx_word' id='word_1_117' title='bbox 1517 1423 1626 1466; x_wconf 84' lang='lat' dir='ltr'>sup-</span> 
     </span>
     <span class='ocr_line' id='line_1_17' title="bbox 136 1478 1627 1538; baseline 0.001 -17"><span class='ocrx_word' id='word_1_118' title='bbox 136 1479 240 1538; x_wconf 77' lang='lat' dir='ltr'>plex</span> <span class='ocrx_word' id='word_1_119' title='bbox 273 1479 577 1537; x_wconf 37' lang='lat' dir='ltr'>alloquitur&amp;</span> <span class='ocrx_word' id='word_1_120' title='bbox 613 1493 811 1536; x_wconf 85' lang='lat' dir='ltr'>namque</span> <span class='ocrx_word' id='word_1_121' title='bbox 837 1479 882 1520; x_wconf 89' lang='lat' dir='ltr'>in</span> <span class='ocrx_word' id='word_1_122' title='bbox 909 1478 964 1522; x_wconf 88' lang='lat' dir='ltr'>iis</span> <span class='ocrx_word' id='word_1_123' title='bbox 992 1494 1174 1536; x_wconf 86' lang='lat' dir='ltr'>quoque</span> <span class='ocrx_word' id='word_1_124' title='bbox 1201 1479 1314 1521; x_wconf 89' lang='lat' dir='ltr'>nihil</span> <span class='ocrx_word' id='word_1_125' title='bbox 1348 1495 1371 1522; x_wconf 94' lang='lat' dir='ltr'>a</span> <span class='ocrx_word' id='word_1_126' title='bbox 1403 1484 1539 1537; x_wconf 85' lang='lat' dir='ltr'>poeta</span> <span class='ocrx_word' id='word_1_127' title='bbox 1563 1485 1627 1523; x_wconf 87' lang='lat' dir='ltr'>te—</span> 
     </span>
     <span class='ocr_line' id='line_1_18' title="bbox 136 1550 1626 1608; baseline 0.001 -15"><span class='ocrx_word' id='word_1_128' title='bbox 136 1565 259 1593; x_wconf 85' lang='lat' dir='ltr'>mere</span> <span class='ocrx_word' id='word_1_129' title='bbox 287 1551 503 1593; x_wconf 88' lang='lat' dir='ltr'>emissum</span> <span class='ocrx_word' id='word_1_130' title='bbox 539 1550 833 1608; x_wconf 86' lang='lat' dir='ltr'>perspicuum</span> <span class='ocrx_word' id='word_1_131' title='bbox 868 1553 948 1591; x_wconf 88' lang='lat' dir='ltr'>est.</span> <span class='ocrx_word' id='word_1_132' title='bbox 979 1550 1136 1607; x_wconf 87' lang='lat' dir='ltr'>Neque</span> <span class='ocrx_word' id='word_1_133' title='bbox 1164 1550 1236 1592; x_wconf 89' lang='lat' dir='ltr'>hic</span> <span class='ocrx_word' id='word_1_134' title='bbox 1270 1551 1475 1606; x_wconf 86' lang='lat' dir='ltr'>significo</span> <span class='ocrx_word' id='word_1_135' title='bbox 1502 1551 1626 1594; x_wconf 89' lang='lat' dir='ltr'>illam</span> 
     </span>
     <span class='ocr_line' id='line_1_19' title="bbox 136 1621 1626 1678; baseline 0.001 -14"><span class='ocrx_word' id='word_1_136' title='bbox 136 1621 329 1678; x_wconf 81' lang='lat' dir='ltr'>Vergilii</span> <span class='ocrx_word' id='word_1_137' title='bbox 357 1622 534 1675; x_wconf 86' lang='lat' dir='ltr'>crebro,</span> <span class='ocrx_word' id='word_1_138' title='bbox 566 1636 647 1664; x_wconf 89' lang='lat' dir='ltr'>ncc</span> <span class='ocrx_word' id='word_1_139' title='bbox 673 1622 917 1674; x_wconf 88' lang='lat' dir='ltr'>immerito,</span> <span class='ocrx_word' id='word_1_140' title='bbox 947 1621 1207 1665; x_wconf 84' lang='lat' dir='ltr'>rhetoribus</span> <span class='ocrx_word' id='word_1_141' title='bbox 1234 1622 1465 1664; x_wconf 84' lang='lat' dir='ltr'>laudatam</span> <span class='ocrx_word' id='word_1_142' title='bbox 1493 1637 1626 1678; x_wconf 85' lang='lat' dir='ltr'>argu-</span> 
     </span>
     <span class='ocr_line' id='line_1_20' title="bbox 136 1693 1624 1751; baseline 0.001 -15"><span class='ocrx_word' id='word_1_143' title='bbox 136 1697 415 1746; x_wconf 84' lang='lat' dir='ltr'>mentorum,</span> <span class='ocrx_word' id='word_1_144' title='bbox 446 1694 518 1736; x_wconf 88' lang='lat' dir='ltr'>vel</span> <span class='ocrx_word' id='word_1_145' title='bbox 545 1694 589 1735; x_wconf 91' lang='lat' dir='ltr'>in</span> <span class='ocrx_word' id='word_1_146' title='bbox 628 1693 931 1751; x_wconf 87' lang='lat' dir='ltr'>perbrevibus</span> <span class='ocrx_word' id='word_1_147' title='bbox 970 1694 1273 1746; x_wconf 88' lang='lat' dir='ltr'>orationibus,</span> <span class='ocrx_word' id='word_1_148' title='bbox 1317 1694 1624 1737; x_wconf 86' lang='lat' dir='ltr'>inventionem</span> 
     </span>
     <span class='ocr_line' id='line_1_21' title="bbox 139 1764 1623 1824; baseline 0 -16"><span class='ocrx_word' id='word_1_149' title='bbox 139 1781 190 1808; x_wconf 88' lang='lat' dir='ltr'>ac</span> <span class='ocrx_word' id='word_1_150' title='bbox 210 1765 558 1824; x_wconf 87' lang='lat' dir='ltr'>dispositionem</span> <span class='ocrx_word' id='word_1_151' title='bbox 577 1779 585 1818; x_wconf 84' lang='grc'>;</span> <span class='ocrx_word' id='word_1_152' title='bbox 606 1765 685 1807; x_wconf 90' lang='lat' dir='ltr'>sed</span> <span class='ocrx_word' id='word_1_153' title='bbox 702 1766 876 1807; x_wconf 88' lang='lat' dir='ltr'>minuta</span> <span class='ocrx_word' id='word_1_154' title='bbox 896 1765 973 1806; x_wconf 86' lang='lat' dir='ltr'>illa</span> <span class='ocrx_word' id='word_1_155' title='bbox 989 1764 1122 1818; x_wconf 85' lang='lat' dir='ltr'>dicta,</span> <span class='ocrx_word' id='word_1_156' title='bbox 1148 1765 1314 1822; x_wconf 90' lang='lat' dir='ltr'>quibus</span> <span class='ocrx_word' id='word_1_157' title='bbox 1334 1765 1555 1823; x_wconf 85' lang='lat' dir='ltr'>cujusque</span> <span class='ocrx_word' id='word_1_158' title='bbox 1576 1767 1623 1808; x_wconf 91' lang='lat' dir='ltr'>in</span> 
     </span>
     <span class='ocr_line' id='line_1_22' title="bbox 137 1835 1625 1895; baseline 0.001 -16"><span class='ocrx_word' id='word_1_159' title='bbox 137 1836 339 1879; x_wconf 85' lang='lat' dir='ltr'>Aeneide</span> <span class='ocrx_word' id='word_1_160' title='bbox 366 1837 594 1895; x_wconf 87' lang='lat' dir='ltr'>loquentis</span> <span class='ocrx_word' id='word_1_161' title='bbox 621 1850 842 1894; x_wconf 89' lang='lat' dir='ltr'>personae</span> <span class='ocrx_word' id='word_1_162' title='bbox 869 1835 1045 1879; x_wconf 89' lang='lat' dir='ltr'>indoles</span> <span class='ocrx_word' id='word_1_163' title='bbox 1074 1851 1175 1878; x_wconf 92' lang='lat' dir='ltr'>cum</span> <span class='ocrx_word' id='word_1_164' title='bbox 1204 1837 1427 1895; x_wconf 82' lang='lat' dir='ltr'>exquisita</span> <span class='ocrx_word' id='word_1_165' title='bbox 1452 1837 1625 1880; x_wconf 86' lang='lat' dir='ltr'>subtili-</span> 
     </span>
     <span class='ocr_line' id='line_1_23' title="bbox 137 1908 728 1966; baseline 0 -16"><span class='ocrx_word' id='word_1_166' title='bbox 137 1911 227 1950; x_wconf 83' lang='lat' dir='ltr'>tate</span> <span class='ocrx_word' id='word_1_167' title='bbox 256 1908 436 1966; x_wconf 90' lang='lat' dir='ltr'>saepius</span> <span class='ocrx_word' id='word_1_168' title='bbox 459 1908 728 1950; x_wconf 87' lang='lat' dir='ltr'>delineatur.</span> 
     </span>
    </p>

    <p class='ocr_par' dir='ltr' id='par_1_6' title="bbox 197 1978 1038 2037">
     <span class='ocr_line' id='line_1_24' title="bbox 197 1978 1038 2037; baseline -0.001 -15"><span class='ocrx_word' id='word_1_169' title='bbox 197 1978 299 2022; x_wconf 86' lang='lat' dir='ltr'>Jam</span> <span class='ocrx_word' id='word_1_170' title='bbox 327 1993 465 2037; x_wconf 85' lang='lat' dir='ltr'>supra</span> <span class='ocrx_word' id='word_1_171' title='bbox 490 1979 644 2021; x_wconf 80' lang='lat' dir='ltr'>notavi</span> <span class='ocrx_word' id='word_1_172' title='bbox 669 1978 783 2020; x_wconf 88' lang='lat' dir='ltr'>illud</span> <span class='ocrx_word' id='word_1_173' title='bbox 808 1979 998 2021; x_wconf 89' lang='lat' dir='ltr'>Amatae</span> <span class='ocrx_word' id='word_1_174' title='bbox 1029 1992 1038 2021; x_wconf 74' lang='grc' dir='ltr'>ε</span> 
     </span>
    </p>
   </div>
   <div class='ocr_carea' id='block_1_5' title="bbox 599 2102 1168 2197">
    <p class='ocr_par' dir='ltr' id='par_1_7' title="bbox 599 2102 1168 2197">
     <span class='ocr_line' id='line_1_25' title="bbox 638 2102 1168 2143; baseline 0 -8"><span class='ocrx_word' id='word_1_175' title='bbox 638 2127 728 2135; x_wconf 89' lang='grc'><strong>.......</strong></span> <span class='ocrx_word' id='word_1_176' title='bbox 755 2103 825 2134; x_wconf 87' lang='lat' dir='ltr'>Per</span> <span class='ocrx_word' id='word_1_177' title='bbox 845 2102 874 2134; x_wconf 87' lang='lat' dir='ltr'>si</span> <span class='ocrx_word' id='word_1_178' title='bbox 897 2102 985 2143; x_wconf 87' lang='lat' dir='ltr'>quis</span> <span class='ocrx_word' id='word_1_179' title='bbox 1006 2104 1168 2135; x_wconf 86' lang='lat' dir='ltr'>Amatae</span> 
     </span>
     <span class='ocr_line' id='line_1_26' title="bbox 599 2155 1090 2197; baseline 0 -9"><span class='ocrx_word' id='word_1_180' title='bbox 599 2155 726 2197; x_wconf 80' lang='lat' dir='ltr'>tangit</span> <span class='ocrx_word' id='word_1_181' title='bbox 745 2156 855 2187; x_wconf 73' lang='lat' dir='ltr'>honos</span> <span class='ocrx_word' id='word_1_182' title='bbox 875 2156 1090 2189; x_wconf 80' lang='lat' dir='ltr'>animuin...</span> 
     </span>
    </p>
   </div>
   <div class='ocr_carea' id='block_1_6' title="bbox 146 2269 1639 2973">
    <p class='ocr_par' dir='ltr' id='par_1_8' title="bbox 146 2269 1631 2401">
     <span class='ocr_line' id='line_1_27' title="bbox 188 2269 1631 2311; baseline 0.001 -10"><span class='ocrx_word' id='word_1_183' title='bbox 188 2270 216 2303; x_wconf 86' lang='lat'>1.</span> <span class='ocrx_word' id='word_1_184' title='bbox 239 2270 321 2301; x_wconf 77' lang='lat' dir='ltr'>Aen.</span> <span class='ocrx_word' id='word_1_185' title='bbox 345 2269 415 2310; x_wconf 87' lang='lat' dir='ltr'>Xll,</span> <span class='ocrx_word' id='word_1_186' title='bbox 436 2269 475 2299; x_wconf 76' lang='lat'>54</span> <span class='ocrx_word' id='word_1_187' title='bbox 496 2279 565 2309; x_wconf 70' lang='lat' dir='ltr'>sqq.</span> <span class='ocrx_word' id='word_1_188' title='bbox 591 2278 598 2299; x_wconf 81' lang='lat' dir='ltr'>t</span> <span class='ocrx_word' id='word_1_189' title='bbox 621 2269 660 2300; x_wconf 84' lang='lat' dir='ltr'>At</span> <span class='ocrx_word' id='word_1_190' title='bbox 684 2269 807 2306; x_wconf 65' lang='lat' dir='ltr'>regina,</span> <span class='ocrx_word' id='word_1_191' title='bbox 831 2279 921 2300; x_wconf 73' lang='lat' dir='ltr'>nova</span> <span class='ocrx_word' id='word_1_192' title='bbox 940 2278 1067 2309; x_wconf 80' lang='lat' dir='ltr'>pugnae</span> <span class='ocrx_word' id='word_1_193' title='bbox 1085 2269 1257 2300; x_wconf 79' lang='lat' dir='ltr'>conterrita</span> <span class='ocrx_word' id='word_1_194' title='bbox 1275 2272 1372 2301; x_wconf 77' lang='lat' dir='ltr'>sorte.</span> <span class='ocrx_word' id='word_1_195' title='bbox 1395 2288 1435 2292; x_wconf 93' lang='lat'>—</span> <span class='ocrx_word' id='word_1_196' title='bbox 1459 2269 1631 2311; x_wconf 83' lang='lat' dir='ltr'>Perperam</span> 
     </span>
     <span class='ocr_line' id='line_1_28' title="bbox 147 2315 1630 2357; baseline 0.001 -9"><span class='ocrx_word' id='word_1_197' title='bbox 147 2317 281 2348; x_wconf 75' lang='lat' dir='ltr'>SERvms</span> <span class='ocrx_word' id='word_1_198' title='bbox 304 2327 310 2347; x_wconf 82' lang='lat' dir='ltr'>z</span> <span class='ocrx_word' id='word_1_199' title='bbox 334 2331 348 2346; x_wconf 93' lang='lat'>«</span> <span class='ocrx_word' id='word_1_200' title='bbox 372 2327 453 2347; x_wconf 79' lang='lat' dir='ltr'>nova</span> <span class='ocrx_word' id='word_1_201' title='bbox 483 2320 580 2354; x_wconf 82' lang='lat' dir='ltr'>sorte,</span> <span class='ocrx_word' id='word_1_202' title='bbox 610 2317 640 2346; x_wconf 87' lang='lat' dir='ltr'>id</span> <span class='ocrx_word' id='word_1_203' title='bbox 673 2320 722 2347; x_wconf 85' lang='lat' dir='ltr'>est</span> <span class='ocrx_word' id='word_1_204' title='bbox 747 2326 888 2356; x_wconf 61' lang='lat' dir='ltr'>maana.</span> <span class='ocrx_word' id='word_1_205' title='bbox 920 2330 933 2344; x_wconf 83' lang='lat'>»</span> <span class='ocrx_word' id='word_1_206' title='bbox 963 2315 1081 2347; x_wconf 76' lang='lat' dir='ltr'>Aliam</span> <span class='ocrx_word' id='word_1_207' title='bbox 1114 2325 1198 2346; x_wconf 87' lang='lat' dir='ltr'>nunc</span> <span class='ocrx_word' id='word_1_208' title='bbox 1229 2326 1300 2347; x_wconf 79' lang='lat' dir='ltr'>esse</span> <span class='ocrx_word' id='word_1_209' title='bbox 1329 2326 1435 2348; x_wconf 80' lang='lat' dir='ltr'>rerum</span> <span class='ocrx_word' id='word_1_210' title='bbox 1464 2319 1630 2357; x_wconf 88' lang='lat' dir='ltr'>rationem,</span> 
     </span>
     <span class='ocr_line' id='line_1_29' title="bbox 146 2363 929 2401; baseline 0.001 -6"><span class='ocrx_word' id='word_1_211' title='bbox 146 2365 256 2396; x_wconf 79' lang='lat' dir='ltr'>atium</span> <span class='ocrx_word' id='word_1_212' title='bbox 278 2367 405 2401; x_wconf 85' lang='lat' dir='ltr'>statum,</span> <span class='ocrx_word' id='word_1_213' title='bbox 422 2363 482 2395; x_wconf 86' lang='lat' dir='ltr'>hoc</span> <span class='ocrx_word' id='word_1_214' title='bbox 504 2364 602 2395; x_wconf 80' lang='lat' dir='ltr'>verbo</span> <span class='ocrx_word' id='word_1_215' title='bbox 626 2373 712 2395; x_wconf 72' lang='lat' dir='ltr'>nova</span> <span class='ocrx_word' id='word_1_216' title='bbox 734 2364 929 2396; x_wconf 72' lang='lat' dir='ltr'>declaratur.</span> 
     </span>
    </p>

    <p class='ocr_par' dir='ltr' id='par_1_9' title="bbox 147 2410 1637 2784">
     <span class='ocr_line' id='line_1_30' title="bbox 188 2410 1634 2450; baseline 0.001 -8"><span class='ocrx_word' id='word_1_217' title='bbox 188 2412 217 2444; x_wconf 75' lang='lat'>2.</span> <span class='ocrx_word' id='word_1_218' title='bbox 243 2411 329 2444; x_wconf 78' lang='lat' dir='ltr'>Aen.</span> <span class='ocrx_word' id='word_1_219' title='bbox 352 2411 422 2450; x_wconf 85' lang='lat' dir='ltr'>XII,</span> <span class='ocrx_word' id='word_1_220' title='bbox 445 2411 685 2448; x_wconf 80' lang='lat' dir='ltr'>55zmoritura,</span> <span class='ocrx_word' id='word_1_221' title='bbox 700 2429 737 2433; x_wconf 88' lang='lat'>—-</span> <span class='ocrx_word' id='word_1_222' title='bbox 753 2421 815 2441; x_wconf 86' lang='lat' dir='ltr'>non</span> <span class='ocrx_word' id='word_1_223' title='bbox 838 2412 939 2441; x_wconf 75' lang='lat' dir='ltr'>solum</span> <span class='ocrx_word' id='word_1_224' title='bbox 966 2410 1122 2450; x_wconf 80' lang='lat' dir='ltr'>quiajam</span> <span class='ocrx_word' id='word_1_225' title='bbox 1144 2411 1175 2441; x_wconf 91' lang='lat' dir='ltr'>in</span> <span class='ocrx_word' id='word_1_226' title='bbox 1196 2411 1301 2441; x_wconf 85' lang='lat' dir='ltr'>animo</span> <span class='ocrx_word' id='word_1_227' title='bbox 1320 2412 1431 2442; x_wconf 85' lang='lat' dir='ltr'>mortis</span> <span class='ocrx_word' id='word_1_228' title='bbox 1445 2411 1634 2443; x_wconf 83' lang='lat' dir='ltr'>adsciscen-</span> 
     </span>
     <span class='ocr_line' id='line_1_31' title="bbox 148 2458 1635 2500; baseline 0 -10"><span class='ocrx_word' id='word_1_229' title='bbox 148 2459 208 2490; x_wconf 82' lang='lat' dir='ltr'>dae</span> <span class='ocrx_word' id='word_1_230' title='bbox 229 2459 396 2490; x_wconf 88' lang='lat' dir='ltr'>consilium</span> <span class='ocrx_word' id='word_1_231' title='bbox 428 2459 509 2490; x_wconf 87' lang='lat' dir='ltr'>clam</span> <span class='ocrx_word' id='word_1_232' title='bbox 539 2459 710 2498; x_wconf 81' lang='lat' dir='ltr'>concipere</span> <span class='ocrx_word' id='word_1_233' title='bbox 740 2459 866 2498; x_wconf 87' lang='lat' dir='ltr'>incipit,</span> <span class='ocrx_word' id='word_1_234' title='bbox 888 2458 944 2489; x_wconf 86' lang='lat' dir='ltr'>sed</span> <span class='ocrx_word' id='word_1_235' title='bbox 972 2458 1047 2497; x_wconf 83' lang='lat' dir='ltr'>quia</span> <span class='ocrx_word' id='word_1_236' title='bbox 1067 2459 1190 2488; x_wconf 89' lang='lat' dir='ltr'>vultum</span> <span class='ocrx_word' id='word_1_237' title='bbox 1218 2459 1284 2497; x_wconf 75' lang='lat' dir='ltr'>J&#39;am</span> <span class='ocrx_word' id='word_1_238' title='bbox 1317 2458 1413 2490; x_wconf 84' lang='lat' dir='ltr'>hahet</span> <span class='ocrx_word' id='word_1_239' title='bbox 1437 2469 1558 2497; x_wconf 84' lang='lat' dir='ltr'>eorum,</span> <span class='ocrx_word' id='word_1_240' title='bbox 1580 2460 1635 2500; x_wconf 90' lang='lat' dir='ltr'>qui</span> 
     </span>
     <span class='ocr_line' id='line_1_32' title="bbox 147 2505 1635 2547; baseline -0.001 -9"><span class='ocrx_word' id='word_1_241' title='bbox 147 2507 329 2547; x_wconf 82' lang='lat' dir='ltr'>propiorem</span> <span class='ocrx_word' id='word_1_242' title='bbox 351 2507 493 2537; x_wconf 82' lang='lat' dir='ltr'>ultimum</span> <span class='ocrx_word' id='word_1_243' title='bbox 511 2506 595 2536; x_wconf 88' lang='lat' dir='ltr'>diem</span> <span class='ocrx_word' id='word_1_244' title='bbox 625 2507 782 2537; x_wconf 78' lang='lat' dir='ltr'>sentiunt.</span> <span class='ocrx_word' id='word_1_245' title='bbox 815 2505 907 2536; x_wconf 83' lang='lat' dir='ltr'>Velut</span> <span class='ocrx_word' id='word_1_246' title='bbox 928 2506 953 2536; x_wconf 83' lang='lat' dir='ltr'>si</span> <span class='ocrx_word' id='word_1_247' title='bbox 976 2505 1124 2542; x_wconf 81' lang='lat' dir='ltr'>dixisset,</span> <span class='ocrx_word' id='word_1_248' title='bbox 1160 2506 1252 2536; x_wconf 80' lang='lat' dir='ltr'>sicuti</span> <span class='ocrx_word' id='word_1_249' title='bbox 1287 2505 1326 2535; x_wconf 87' lang='lat' dir='ltr'>de</span> <span class='ocrx_word' id='word_1_250' title='bbox 1354 2506 1478 2537; x_wconf 82' lang='lat' dir='ltr'>Didone</span> <span class='ocrx_word' id='word_1_251' title='bbox 1502 2517 1508 2538; x_wconf 77' lang='grc' dir='ltr'><strong><em>ι</em></strong></span> <span class='ocrx_word' id='word_1_252' title='bbox 1537 2508 1635 2547; x_wconf 84' lang='lat' dir='ltr'>«jam</span> 
     </span>
     <span class='ocr_line' id='line_1_33' title="bbox 148 2553 1636 2594; baseline 0 -9"><span class='ocrx_word' id='word_1_253' title='bbox 148 2554 272 2594; x_wconf 81' lang='lat' dir='ltr'>pallens</span> <span class='ocrx_word' id='word_1_254' title='bbox 293 2558 392 2585; x_wconf 88' lang='lat' dir='ltr'>morte</span> <span class='ocrx_word' id='word_1_255' title='bbox 413 2555 529 2584; x_wconf 82' lang='lat' dir='ltr'>sutura.</span> <span class='ocrx_word' id='word_1_256' title='bbox 552 2566 566 2581; x_wconf 66' lang='grc' dir='ltr'>η</span> <span class='ocrx_word' id='word_1_257' title='bbox 588 2571 628 2576; x_wconf 90' lang='grc'>-</span> <span class='ocrx_word' id='word_1_258' title='bbox 654 2553 784 2583; x_wconf 71' lang='lat' dir='ltr'>Riesssscn</span> <span class='ocrx_word' id='word_1_259' title='bbox 807 2565 822 2581; x_wconf 71' lang='lat' dir='ltr'>(c</span> <span class='ocrx_word' id='word_1_260' title='bbox 841 2554 1000 2583; x_wconf 83' lang='lat' dir='ltr'>monitura</span> <span class='ocrx_word' id='word_1_261' title='bbox 1029 2566 1043 2580; x_wconf 71' lang='lat' dir='ltr'>n</span> <span class='ocrx_word' id='word_1_262' title='bbox 1067 2561 1073 2581; x_wconf 90' lang='lat'>:</span> <span class='ocrx_word' id='word_1_263' title='bbox 1097 2553 1176 2583; x_wconf 84' lang='lat' dir='ltr'>satis</span> <span class='ocrx_word' id='word_1_264' title='bbox 1200 2555 1302 2583; x_wconf 78' lang='lat' dir='ltr'>autem</span> <span class='ocrx_word' id='word_1_265' title='bbox 1333 2553 1441 2584; x_wconf 79' lang='lat' dir='ltr'>sutiles</span> <span class='ocrx_word' id='word_1_266' title='bbox 1460 2555 1501 2585; x_wconf 88' lang='lat' dir='ltr'>ob</span> <span class='ocrx_word' id='word_1_267' title='bbox 1522 2564 1636 2585; x_wconf 80' lang='lat' dir='ltr'>causas</span> 
     </span>
     <span class='ocr_line' id='line_1_34' title="bbox 150 2599 1637 2642; baseline -0.001 -10"><span class='ocrx_word' id='word_1_268' title='bbox 150 2602 202 2641; x_wconf 80' lang='lat' dir='ltr'>(cs.</span> <span class='ocrx_word' id='word_1_269' title='bbox 225 2611 338 2642; x_wconf 84' lang='lat' dir='ltr'>appar.</span> <span class='ocrx_word' id='word_1_270' title='bbox 361 2602 463 2632; x_wconf 86' lang='lat' dir='ltr'>critic.</span> <span class='ocrx_word' id='word_1_271' title='bbox 488 2601 519 2631; x_wconf 87' lang='lat' dir='ltr'>in</span> <span class='ocrx_word' id='word_1_272' title='bbox 542 2602 572 2631; x_wconf 79' lang='lat' dir='ltr'>li.</span> <span class='ocrx_word' id='word_1_273' title='bbox 592 2611 637 2638; x_wconf 89' lang='lat' dir='ltr'>v.‚</span> <span class='ocrx_word' id='word_1_274' title='bbox 660 2600 922 2641; x_wconf 67' lang='lat' dir='ltr'>Prolegyomena,</span> <span class='ocrx_word' id='word_1_275' title='bbox 944 2610 975 2640; x_wconf 90' lang='lat' dir='ltr'>p.</span> <span class='ocrx_word' id='word_1_276' title='bbox 997 2599 1081 2638; x_wconf 59' lang='lat'>3633</span> <span class='ocrx_word' id='word_1_277' title='bbox 1103 2603 1134 2630; x_wconf 91' lang='lat' dir='ltr'>et</span> <span class='ocrx_word' id='word_1_278' title='bbox 1158 2600 1219 2630; x_wconf 77' lang='lat'>365</span> <span class='ocrx_word' id='word_1_279' title='bbox 1243 2603 1274 2631; x_wconf 82' lang='lat' dir='ltr'>et</span> <span class='ocrx_word' id='word_1_280' title='bbox 1291 2599 1343 2637; x_wconf 79' lang='lat'>94,</span> <span class='ocrx_word' id='word_1_281' title='bbox 1367 2601 1419 2631; x_wconf 85' lang='lat' dir='ltr'>ubi</span> <span class='ocrx_word' id='word_1_282' title='bbox 1441 2602 1588 2640; x_wconf 81' lang='lat' dir='ltr'>similem,</span> <span class='ocrx_word' id='word_1_283' title='bbox 1604 2604 1637 2631; x_wconf 90' lang='lat' dir='ltr'>ut</span> 
     </span>
     <span class='ocr_line' id='line_1_35' title="bbox 149 2647 1637 2689; baseline -0.001 -10"><span class='ocrx_word' id='word_1_284' title='bbox 149 2649 310 2689; x_wconf 74' lang='lat' dir='ltr'>opinatur,</span> <span class='ocrx_word' id='word_1_285' title='bbox 342 2649 372 2679; x_wconf 91' lang='lat' dir='ltr'>in</span> <span class='ocrx_word' id='word_1_286' title='bbox 402 2649 486 2681; x_wconf 81' lang='lat' dir='ltr'>Aen.</span> <span class='ocrx_word' id='word_1_287' title='bbox 519 2648 569 2686; x_wconf 88' lang='lat' dir='ltr'>IV,</span> <span class='ocrx_word' id='word_1_288' title='bbox 592 2647 651 2679; x_wconf 72' lang='lat'>436</span> <span class='ocrx_word' id='word_1_289' title='bbox 673 2648 818 2678; x_wconf 78' lang='lat' dir='ltr'>mendam</span> <span class='ocrx_word' id='word_1_290' title='bbox 841 2648 936 2677; x_wconf 79' lang='lat' dir='ltr'>simili</span> <span class='ocrx_word' id='word_1_291' title='bbox 958 2647 1090 2687; x_wconf 76' lang='lat' dir='ltr'>corrigit</span> <span class='ocrx_word' id='word_1_292' title='bbox 1116 2647 1357 2685; x_wconf 82' lang='lat' dir='ltr'>emendatione,</span> <span class='ocrx_word' id='word_1_293' title='bbox 1381 2657 1438 2678; x_wconf 89' lang='lat' dir='ltr'>nec</span> <span class='ocrx_word' id='word_1_294' title='bbox 1458 2649 1581 2687; x_wconf 87' lang='lat' dir='ltr'>minus,</span> <span class='ocrx_word' id='word_1_295' title='bbox 1604 2651 1637 2678; x_wconf 88' lang='lat' dir='ltr'>ut</span> 
     </span>
     <span class='ocr_line' id='line_1_36' title="bbox 150 2695 1636 2736; baseline -0.001 -10"><span class='ocrx_word' id='word_1_296' title='bbox 150 2696 275 2736; x_wconf 87' lang='lat' dir='ltr'>opinor,</span> <span class='ocrx_word' id='word_1_297' title='bbox 292 2696 438 2736; x_wconf 86' lang='lat' dir='ltr'>infelici).</span> <span class='ocrx_word' id='word_1_298' title='bbox 456 2696 541 2726; x_wconf 81' lang='lat' dir='ltr'>Bene</span> <span class='ocrx_word' id='word_1_299' title='bbox 563 2696 742 2727; x_wconf 61' lang='lat' dir='ltr'>Conmoron</span> <span class='ocrx_word' id='word_1_300' title='bbox 763 2695 926 2726; x_wconf 79' lang='lat' dir='ltr'>existimat</span> <span class='ocrx_word' id='word_1_301' title='bbox 946 2695 1028 2725; x_wconf 79' lang='lat' dir='ltr'>hanc</span> <span class='ocrx_word' id='word_1_302' title='bbox 1046 2695 1263 2734; x_wconf 76' lang='lat' dir='ltr'>conjecturam</span> <span class='ocrx_word' id='word_1_303' title='bbox 1282 2695 1464 2726; x_wconf 79' lang='lat' dir='ltr'>audacioris</span> <span class='ocrx_word' id='word_1_304' title='bbox 1478 2695 1636 2736; x_wconf 81' lang='lat' dir='ltr'>philologi</span> 
     </span>
     <span class='ocr_line' id='line_1_37' title="bbox 152 2742 770 2784; baseline -0.002 -11"><span class='ocrx_word' id='word_1_305' title='bbox 152 2754 167 2770; x_wconf 89' lang='lat'>«</span> <span class='ocrx_word' id='word_1_306' title='bbox 190 2745 330 2784; x_wconf 71' lang='lat' dir='ltr'>stranye</span> <span class='ocrx_word' id='word_1_307' title='bbox 354 2742 588 2783; x_wconf 71' lang='lat' dir='ltr'>insensibilily</span> <span class='ocrx_word' id='word_1_308' title='bbox 612 2755 626 2770; x_wconf 88' lang='lat'><strong><em>»</em></strong></span> <span class='ocrx_word' id='word_1_309' title='bbox 647 2745 770 2773; x_wconf 88' lang='lat' dir='ltr'>notare.</span> 
     </span>
    </p>

    <p class='ocr_par' dir='ltr' id='par_1_10' title="bbox 153 2789 1639 2924">
     <span class='ocr_line' id='line_1_38' title="bbox 191 2789 1638 2830; baseline 0 -9"><span class='ocrx_word' id='word_1_310' title='bbox 191 2789 222 2821; x_wconf 87' lang='lat'>3.</span> <span class='ocrx_word' id='word_1_311' title='bbox 243 2790 330 2821; x_wconf 81' lang='lat' dir='ltr'>Aen.</span> <span class='ocrx_word' id='word_1_312' title='bbox 362 2790 428 2829; x_wconf 87' lang='lat' dir='ltr'>VII,</span> <span class='ocrx_word' id='word_1_313' title='bbox 449 2790 559 2822; x_wconf 79' lang='lat'>56-57.</span> <span class='ocrx_word' id='word_1_314' title='bbox 586 2789 720 2821; x_wconf 71' lang='lat' dir='ltr'>Sanvws</span> <span class='ocrx_word' id='word_1_315' title='bbox 743 2800 749 2820; x_wconf 81' lang='lat'>2</span> <span class='ocrx_word' id='word_1_316' title='bbox 774 2802 788 2817; x_wconf 77' lang='grc' dir='ltr'>(ι</span> <span class='ocrx_word' id='word_1_317' title='bbox 813 2790 892 2820; x_wconf 87' lang='lat' dir='ltr'>miro</span> <span class='ocrx_word' id='word_1_318' title='bbox 917 2798 1024 2820; x_wconf 84' lang='lat' dir='ltr'>amore</span> <span class='ocrx_word' id='word_1_319' title='bbox 1052 2798 1058 2819; x_wconf 90' lang='lat'><strong>:</strong></span> <span class='ocrx_word' id='word_1_320' title='bbox 1082 2798 1163 2819; x_wconf 85' lang='lat' dir='ltr'>nova</span> <span class='ocrx_word' id='word_1_321' title='bbox 1184 2789 1442 2830; x_wconf 82' lang='lat' dir='ltr'>intemperantia.</span> <span class='ocrx_word' id='word_1_322' title='bbox 1463 2802 1478 2818; x_wconf 70' lang='grc' dir='ltr'><strong>υ</strong></span> <span class='ocrx_word' id='word_1_323' title='bbox 1500 2789 1638 2821; x_wconf 62' lang='lat' dir='ltr'>Commo-</span> 
     </span>
     <span class='ocr_line' id='line_1_39' title="bbox 153 2835 1639 2878; baseline -0.001 -10"><span class='ocrx_word' id='word_1_324' title='bbox 153 2846 211 2868; x_wconf 77' lang='lat' dir='ltr'>TON</span> <span class='ocrx_word' id='word_1_325' title='bbox 245 2847 252 2867; x_wconf 88' lang='lat'>:</span> <span class='ocrx_word' id='word_1_326' title='bbox 290 2850 305 2865; x_wconf 74' lang='grc' dir='ltr'>ι(</span> <span class='ocrx_word' id='word_1_327' title='bbox 329 2837 527 2878; x_wconf 80' lang='lat' dir='ltr'>Properabat</span> <span class='ocrx_word' id='word_1_328' title='bbox 562 2847 568 2867; x_wconf 74' lang='grc' dir='ltr'>ι</span> <span class='ocrx_word' id='word_1_329' title='bbox 600 2837 789 2869; x_wconf 82' lang='lat' dir='ltr'>studebat...</span> <span class='ocrx_word' id='word_1_330' title='bbox 824 2837 903 2867; x_wconf 91' lang='lat' dir='ltr'>nihil</span> <span class='ocrx_word' id='word_1_331' title='bbox 928 2837 956 2867; x_wconf 89' lang='lat' dir='ltr'>ei</span> <span class='ocrx_word' id='word_1_332' title='bbox 989 2836 1048 2866; x_wconf 83' lang='lat' dir='ltr'>fuit</span> <span class='ocrx_word' id='word_1_333' title='bbox 1079 2836 1218 2877; x_wconf 83' lang='lat' dir='ltr'>longius,</span> <span class='ocrx_word' id='word_1_334' title='bbox 1250 2835 1297 2867; x_wconf 87' lang='lat' dir='ltr'>Cf.</span> <span class='ocrx_word' id='word_1_335' title='bbox 1334 2836 1539 2877; x_wconf 77' lang='grc' dir='ltr'>σπουδάζειν,</span> <span class='ocrx_word' id='word_1_336' title='bbox 1562 2850 1577 2866; x_wconf 84' lang='grc'>»</span> <span class='ocrx_word' id='word_1_337' title='bbox 1608 2839 1639 2869; x_wconf 78' lang='lat' dir='ltr'>et</span> 
     </span>
     <span class='ocr_line' id='line_1_40' title="bbox 153 2885 423 2924; baseline 0 -8"><span class='ocrx_word' id='word_1_338' title='bbox 153 2885 240 2916; x_wconf 80' lang='lat' dir='ltr'>Aen.</span> <span class='ocrx_word' id='word_1_339' title='bbox 263 2885 330 2924; x_wconf 86' lang='lat' dir='ltr'>Vll,</span> <span class='ocrx_word' id='word_1_340' title='bbox 350 2885 423 2917; x_wconf 72' lang='lat'>264.</span> 
     </span>
    </p>

    <p class='ocr_par' dir='ltr' id='par_1_11' title="bbox 195 2932 573 2973">
     <span class='ocr_line' id='line_1_41' title="bbox 195 2932 573 2973; baseline 0.003 -9"><span class='ocrx_word' id='word_1_341' title='bbox 195 2932 224 2963; x_wconf 90' lang='grc'>4.</span> <span class='ocrx_word' id='word_1_342' title='bbox 247 2933 331 2964; x_wconf 78' lang='lat' dir='ltr'>Aen.</span> <span class='ocrx_word' id='word_1_343' title='bbox 352 2932 422 2972; x_wconf 91' lang='lat' dir='ltr'>Xll,</span> <span class='ocrx_word' id='word_1_344' title='bbox 443 2932 483 2963; x_wconf 84' lang='lat'>56</span> <span class='ocrx_word' id='word_1_345' title='bbox 503 2941 573 2973; x_wconf 82' lang='lat' dir='ltr'>sqq.</span> 
     </span>
    </p>
   </div>
  </div>
 </body>
</html>
