1889 3319
296 221 376 262 142
845 235 945 263 PARS
978 233 1218 264 POSTamoa.

288 351 526 408 promissis
562 366 652 393 uno
680 354 855 393 tantum
882 350 1022 392 verbo
1056 349 1249 402 invidet,
1284 363 1478 406 quarum
1505 353 1657 392 tamen
1683 365 1773 393 non

288 422 518 480 particeps
551 422 703 464 futura
749 425 830 465 est.
872 421 1014 463 Immo
1050 422 1150 479 ipsa
1187 420 1392 472 Aeneae,
1434 435 1524 462 non
1549 421 1644 476 jam
1673 436 1771 472 suo,

289 492 517 550 quomodo
544 493 624 535 illa
647 493 691 535 in
726 495 960 550 posterum
996 492 1147 533 futura
1185 492 1272 533 sint
1315 491 1493 549 placide
1540 491 1777 535 denuntiat

289 564 572 621 alteramque
595 565 635 606 ei
658 578 844 606 uxorem
864 563 1084 607 destinari
1101 568 1128 606 ¹.
1153 562 1303 605 Unum
1332 563 1646 606 tantummodo
1673 577 1776 623 pos-

287 634 401 678 tulat
430 649 439 678 z
470 638 520 677 ut

618 699 703 733 nati
728 701 952 738 <servet>
972 698 1193 732 communis
1213 706 1403 740 amorem3

286 814 395 866 nati,
426 828 515 856 non
544 813 709 857 uxoris.
737 813 834 857 Sibi
854 813 968 855 nihil
996 828 1078 855 nec
1107 815 1274 871 sperat,
1305 826 1388 856 nec
1410 814 1570 871 poscit.

348 884 506 927 Nonne
545 889 698 928 autem
739 885 784 927 in
825 885 920 927 istis
958 884 1124 937 verbis,
1168 900 1285 942 quae
1332 885 1547 928 maritum
1581 884 1777 942 jamjam

287 955 502 998 relictura
528 955 695 999 Creusa
730 956 906 1008 effatur,
932 956 1062 1013 quasi
1090 955 1266 998 absolvi
1293 955 1501 998 videmus
1529 956 1778 1012 imaginem

289 1027 490 1071 mulieris
518 1027 632 1083 ejus,
663 1027 846 1085 qualem
874 1027 971 1085 ipse
1000 1026 1230 1082 Vergilius
1255 1027 1406 1069 animo
1434 1027 1623 1070 intuitus
1652 1027 1744 1070 est²
1763 1028 1783 1068 ⁸?

291 1098 436 1150 Quam
463 1098 678 1140 nimirum
708 1098 792 1140 sibi
821 1098 962 1149 finxit,
993 1101 1042 1139 ut
1070 1098 1252 1155 opinor,
1285 1102 1328 1139 et
1361 1097 1601 1140 ostendere
1634 1098 1778 1140 voluit

290 1184 342 1211 ea
369 1184 467 1211 esse
495 1169 759 1212 condicione
794 1184 884 1227 qua
921 1169 1060 1211 fuisse
1102 1168 1343 1211 traduntur
1376 1169 1420 1211 in
1461 1169 1611 1227 prisco
1646 1184 1773 1223 aevo,

290 1256 369 1286 seu
396 1241 441 1283 in
471 1240 669 1293 Oriente,
702 1241 796 1283 sive
823 1241 868 1282 in
898 1241 1102 1293 Graecia,
1128 1240 1221 1283 sive
1247 1247 1293 1282 in
1320 1244 1472 1282 vetere
1500 1240 1645 1293 Latio,
1677 1255 1778 1283 mu-

289 1312 424 1354 lieres
446 1326 454 1355 :
477 1312 648 1354 scilieet
674 1327 760 1354 non
791 1312 965 1370 accepti
992 1312 1141 1354 mariti
1170 1312 1329 1365 socias,
1361 1312 1442 1353 sed
1469 1313 1634 1354 accitas
1661 1312 1777 1355 libe-

292 1398 446 1426 rorum
488 1383 876 1441 procreandorum
903 1383 1179 1439 genetrices,
1220 1389 1404 1443 δαμάρτας
1443 1389 1607 1434 δοθείσας
1646 1392 1776 1428 παιδο-

290 1455 458 1507 ποιούς3,
491 1459 539 1498 ut
578 1454 819 1513 Euripides
859 1455 944 1507 ait;
990 1481 1046 1485 —
1085 1470 1233 1513 neque
1268 1469 1371 1498 cum
1405 1455 1589 1498 domino
1617 1470 1698 1498 suo
1727 1470 1777 1498 ex

291 1627 403 1658 rindae
425 1629 579 1664 mortuae,
614 1627 824 1668 paradisique
846 1628 999 1658 felicitate
1025 1628 1090 1667 jam
1116 1628 1271 1666 fruentis,
1296 1628 1336 1658 ad
1357 1628 1570 1658 Tancredum.
1600 1627 1667 1658 Illic
1700 1636 1776 1658 vero

292 1684 331 1705 nc
359 1675 511 1705 miremur
544 1674 715 1705 Clorindae
748 1676 1010 1715 tranquillitatem
1039 1676 1190 1715 religiosa
1221 1676 1323 1715 pietas
1357 1675 1528 1716 prohibet;
1561 1675 1678 1706 desunt
1705 1684 1781 1706 vero

293 1722 430 1754 Creusae
451 1723 608 1762 ejusmodi
629 1723 789 1761 adlectus,
808 1733 890 1763 quae
911 1724 1040 1764 quidem
1061 1724 1140 1754 illud
1166 1727 1286 1754 tantum
1308 1724 1387 1754 dicit
1410 1733 1417 1754 ε

668 1828 675 1836 .
687 1826 693 1833 .
705 1826 711 1833 .
732 1806 822 1833 Divae
834 1807 959 1833 Veneris
980 1814 1118 1833 nurus...

666 1849 711 1875 Me
726 1856 829 1884 magna
847 1849 937 1876 Deum
958 1849 1092 1884 genetrix
1110 1848 1156 1876 his
1177 1848 1287 1877 detinet
1301 1849 1374 1876 oris·

336 1926 364 1957 1.
390 1926 471 1957 Aen.
495 1926 532 1964 II,
555 1925 691 1958 783-784
714 1936 721 1957 x

684 2009 746 2036 Illic
764 2017 810 2036 res
825 2010 936 2041 laetae,
954 2017 1133 2045 regnumque
1151 2013 1178 2036 et
1195 2009 1272 2045 regia
1291 2010 1417 2044 conjunx

685 2051 773 2078 Parta
792 2051 861 2085 uhu
886 2051 1020 2078 lacrimas
1036 2051 1158 2078 dil-:ctae
1178 2052 1250 2086 pelle⁴
1269 2052 1408 2078 Creusae.

334 2129 380 2160 De
412 2129 531 2169 quibus
565 2128 686 2159 ultimis
717 2130 844 2165 verbis,
878 2130 1012 2160 Seavtrs
1048 2139 1054 2160 :
1089 2142 1102 2156 «
1139 2129 1254 2159 Melius
1275 2129 1313 2159 ad
1338 2129 1517 2169 posteriora
1543 2129 1726 2167 referimus,
1750 2131 1784 2160 ut

295 2177 385 2208 dicat
405 2187 411 2207 :
433 2177 495 2206 noli
519 2177 603 2214 llere,
628 2186 686 2207 nec
704 2177 787 2207 enim
809 2178 937 2215 captiva
957 2187 1038 2209 sum.
1063 2177 1144 2207 Male
1162 2177 1245 2207 enim
1267 2177 1411 2216 plerique
1432 2177 1544 2207 dicunt
1566 2185 1572 2206 :
1595 2177 1670 2216 quia
1685 2176 1784 2215 habes

298 2233 428 2254 uxorem
453 2227 606 2264 paratam.
630 2224 764 2264 »Neque
785 2234 822 2254 ex
846 2224 903 2255 hoc
926 2225 994 2255 solo
1020 2224 1249 2255 commentario
1267 2224 1424 2264 suspicari
1445 2234 1614 2265 possumus
1631 2224 1680 2254 vel
1700 2224 1784 2264 apud

297 2272 446 2311 antiquos
472 2271 555 2311 jocis
583 2271 668 2302 hunc
696 2272 797 2302 locum
831 2273 993 2302 materiam
1017 2273 1146 2302 uberem
1170 2271 1370 2312 praebuisse.
1402 2272 1481 2301 Fieri
1504 2274 1609 2302 tamen
1629 2274 1736 2312 potest
1754 2273 1787 2302 ut

297 2318 460 2360 Vergilius
481 2319 589 2349 verbis
619 2320 690 2350 istis
720 2330 726 2350 z
759 2334 772 2346 ιι
807 2319 903 2360 Regia
927 2321 1067 2360 conjunx
1097 2321 1204 2360 parta
1228 2319 1326 2351 tibi...
1355 2319 1503 2349 lacrimas
1524 2318 1672 2350 dilectae
1701 2319 1786 2359 pelle

299 2365 531 2403 Creusae‚»-
552 2367 646 2397 nobis
667 2376 736 2397 cum
770 2367 880 2397 subtili
913 2367 1050 2407 quadam
1081 2367 1270 2407 obliquitate
1297 2367 1483 2406 significare
1517 2367 1655 2397 voluerit
1678 2366 1786 2407 qualia

300 2414 359 2444 sibi
383 2414 453 2453 ipsa
471 2413 590 2444 solacia
611 2413 731 2444 Creusa
753 2414 922 2453 ministret,
946 2415 1105 2455 siquidem
1128 2414 1202 2444 huic
1223 2414 1412 2444 recentioris
1428 2413 1581 2454 philologi
1597 2414 1787 2444 sententiam

299 2461 528 2501 amplectamur
551 2471 557 2492 ς
578 2477 591 2489 «
612 2461 768 2501 Dilectae,
790 2464 850 2493 not
870 2461 998 2504 merely
1013 2461 1120 2499 lovea,
1141 2461 1201 2493 bat
1223 2461 1319 2492 loved
1340 2461 1381 2501 by
1396 2460 1509 2493 elzoice
1523 2471 1560 2491 ον
1579 2463 1785 2502 preference.

299 2509 350 2540 An
369 2511 470 2540 eracl
491 2508 688 2550 lrnowleclqe
709 2510 749 2550 of
767 2509 822 2541 the
843 2510 1003 2550 meaninfs
1027 2510 1069 2551 of
1085 2509 1155 2540 this
1176 2508 1270 2540 word
1294 2508 1433 2540 enables
1455 2518 1495 2539 us
1519 2511 1551 2540 to
1573 2508 1707 2540 observe
1732 2508 1789 2539 the

299 2557 516 2587 consolation
534 2557 644 2588 which
672 2557 800 2588 Creusa
823 2557 995 2588 ministers
1016 2559 1049 2588 to
1074 2555 1207 2598 herself
1223 2557 1258 2587 in
1281 2555 1336 2587 the
1363 2555 1514 2587 ‹zela-ate
1542 2556 1731 2597 oppositz'on
1752 2556 1794 2597 of

302 2604 439 2635 dilectae
461 2604 600 2635 Creusae
623 2607 655 2635 to
680 2605 771 2645 regia
795 2605 909 2644 conjux
935 2608 1039 2645 parta.
1064 2618 1077 2632 >2
1099 2605 1126 2636 J.
1152 2605 1271 2641 Hmar,
1294 2603 1463 2641 Aeneida,
1485 2607 1507 2636 t.
1531 2604 1568 2642 ll,
1591 2614 1621 2644 p.
1643 2603 1715 2634 347.

341 2652 372 2683 2.
398 2651 532 2682 Ramisi·
556 2652 585 2682 in
607 2652 749 2685 Aeneisl.
779 2652 802 2691 l,
824 2652 881 2683 771
919 2663 925 2682 τ
963 2666 976 2680 «ι
1003 2653 1096 2684 Cetle
1125 2652 1325 2693 apparition
1357 2652 1398 2682 cle
1429 2651 1553 2683 Cre'ztse
1578 2653 1598 2682 ἁ
1627 2645 1716 2682 Ene'e
1739 2652 1790 2682 est

301 2700 490 2730 necessaire
507 2709 599 2739 pom·
618 2699 799 2741 erpliqzzrr
815 2700 895 2741 plns
918 2701 1001 2731 tard
1018 2710 1077 2731 son
1099 2701 1207 2731 union
1229 2709 1308 2730 avec
1329 2699 1479 2731 Laminie.
1493 2711 1507 2726 »
1523 2699 1563 2729 At
1584 2699 1686 2740 potuit
1705 2699 1790 2729 futu-

301 2756 371 2777 rum
392 2747 420 2777 ei
443 2747 624 2787 conjugium
647 2748 714 2778 sive
736 2757 792 2788 per
814 2748 967 2779 Helenum
988 2748 1054 2788 (qui
1076 2748 1206 2789 quidem
1232 2747 1324 2787 plura
1356 2756 1426 2777 eum
1458 2756 1586 2777 monere
1607 2746 1788 2786 potuisset),

302 2795 370 2825 sive
393 2803 448 2834 per
467 2794 621 2835 Sibyllam
643 2796 874 2835 praenuntiari.
893 2796 969 2826 Ideo
985 2805 1097 2826 rursus
1115 2795 1237 2825 Creusa
1259 2795 1392 2835 loquens
1413 2794 1574 2825 inducitur
1588 2794 1662 2834 quia
1677 2802 1790 2833 nempe

302 2841 465 2881 Vergilius
497 2841 648 2872 deserere
678 2852 741 2872 non
771 2842 838 2873 vult
872 2852 1027 2883 personas
1060 2852 1153 2881 suas,
1184 2843 1272 2883 prius
1301 2851 1393 2882 quam
1417 2845 1478 2872 tam
1500 2841 1581 2872 bene
1601 2850 1695 2881 quam
1720 2840 1790 2872 sieri

304 2891 409 2929 potest
429 2889 598 2930 imaginem
620 2889 746 2919 illarum
768 2890 956 2921 absolverit.

342 2935 374 2968 3.
400 2936 522 2976 Eume,
544 2935 725 2975 Androm,
749 2936 774 2970 4.
