1889 3319
724 224 851 252 CAPUT
886 225 1060 254 Panium.
1584 219 1633 260 13

154 336 469 381 tantummodo
492 336 663 391 Jasoni‚
689 339 766 396 qui
792 343 884 383 tam
912 342 998 384 cito
1019 343 1165 400 ipsam
1186 343 1377 401 prodere
1396 345 1630 403 inciperet,

152 406 482 466 indignantem)
514 407 762 466 Sophocles
801 411 1015 454 inducere
1051 412 1256 456 Medeam
1296 414 1466 457 debuit.
1505 415 1632 460 Unde

152 479 203 522 fit
240 483 290 522 ut
322 480 370 522 in
407 479 494 522 hoc
533 494 642 523 casu
678 480 915 524 Colchicae
954 485 1142 539 virginis
1176 485 1396 538 condicio,
1428 501 1553 529 mens
1582 503 1634 531 ac

153 551 296 594 verba
331 565 422 593 non
456 550 617 593 eadem
656 567 753 595 esse
796 555 1026 610 potuerint
1065 570 1116 597 ac
1149 555 1350 598 Didonis.
1395 556 1632 616 Ceteroqui

153 622 275 681 apud
297 621 594 680 Apollonium
620 637 645 664 a
679 638 769 681 quo
802 639 890 666 non
932 626 1072 667 multo
1113 626 1331 668 absimilis
1371 628 1425 669 de
1465 628 1549 671 hac
1584 645 1631 671 re

153 693 345 736 historia
370 696 598 746 narratur,
623 695 730 736 satis
757 695 855 737 fuse
882 696 1153 754 increpatae
1174 702 1384 755 precatur
1404 703 1632 757 raptorem

156 779 289 807 suum
322 763 510 807 Medea¹
552 778 560 807 :
604 765 668 807 ita
705 769 858 808 tamen
898 771 946 809 ut
993 768 1097 809 inde
1142 768 1371 824 Vergilius
1406 785 1631 827 perpauca

155 834 403 878 admodum
443 836 728 894 excerpenda
763 837 848 879 sihi
882 839 1149 881 censuerit?
1188 840 1308 895 Ergo
1343 855 1364 881 e
1395 841 1631 898 Sophoclis

151 907 390 963 tragoedia
414 907 536 949 item.

165 1032 177 1035 p
209 978 312 1021 Jam
343 993 451 1021 vero
483 979 528 1021 in
556 978 753 1031 Pelz'ade,
784 983 879 1022 tum
914 979 1142 1038 Sophocli,
1183 997 1284 1023 cum
1312 981 1518 1040 Euripidi
1550 982 1631 1024 ad-

151 1050 318 1108 scripto
336 1052 364 1102 ³,
390 1049 505 1092 nihil
532 1051 590 1092 ad
617 1051 915 1106 vergilianam
951 1067 1047 1093 rem
1074 1053 1303 1110 pertinuit,
1337 1068 1437 1094 cuin
1465 1053 1529 1095 ibi
1555 1069 1631 1096 ne-

149 1136 238 1179 que
264 1121 320 1163 de
348 1121 535 1165 Medeae
561 1122 607 1164 in
627 1121 841 1164 Jasonem
869 1137 1038 1175 amore,
1070 1138 1216 1181 neque
1238 1123 1292 1165 de
1318 1124 1494 1166 Jasonis
1522 1138 1632 1179 erga

87 1250 89 1253 Ι
149 1192 357 1236 Medeam
389 1192 584 1250 perfidia
619 1196 853 1249 ageretur;
897 1193 976 1236 sed
1011 1194 1125 1236 illud
1158 1195 1303 1237 solum
1331 1198 1630 1252 exponeretur

148 1263 314 1321 quibus
348 1263 508 1306 Medea
536 1263 652 1305 dolis
688 1264 882 1306 Peliadis
917 1264 1031 1307 filias
1065 1265 1122 1306 ad
1155 1265 1454 1307 voluntariam
1489 1266 1628 1323 patris

145 1349 304 1378 necem
330 1335 632 1393 perduxisset.

204 1406 386 1448 Etenim
413 1421 492 1448 eae
521 1407 615 1448 sine
645 1406 783 1449 dubio
805 1411 957 1465 partes
984 1407 1159 1464 priscae
1188 1407 1242 1449 de
1264 1406 1420 1449 Medea
1447 1407 1627 1450 fabulae

142 1477 271 1520 fuere
310 1492 426 1536 quae
465 1477 675 1535 antiquos
715 1478 906 1520 lectores
949 1479 1020 1520 vel
1064 1481 1341 1536 spectatores
1381 1478 1628 1535 plurimum

145 1547 442 1591 delectavisse
472 1548 712 1591 videantur
738 1564 746 1592 :
778 1550 953 1604 magica
981 1549 1150 1591 scilicet
1175 1549 1296 1590 illius
1324 1563 1462 1606 opera
1490 1549 1627 1591 mira-

141 1619 345 1678 biliaque
379 1619 616 1663 maleficia.
657 1620 721 1663 Ea
755 1620 958 1678 profecto
995 1620 1080 1662 fuit
1106 1620 1310 1673 materia,
1343 1646 1399 1651 ——
1425 1621 1626 1663 incanta-

141 1691 317 1733 tionum
345 1691 446 1734 dico
472 1691 749 1734 luculentam
785 1691 1182 1749 descriptionem&
1223 1717 1279 1722 ——
1310 1691 1491 1733 illarum
1518 1706 1626 1749 qua—

141 1777 441 1821 rumcumque
480 1763 836 1819 tragoediarum,
880 1778 995 1820 quae
1035 1762 1219 1820 quidem
1257 1762 1382 1804 nulla
1420 1762 1509 1814 sui,
1539 1762 1625 1804 nisi

140 1833 326 1876 nomina
371 1835 547 1887 inania,
595 1835 642 1876 in
687 1833 1141 1876 commentationibus
1187 1836 1389 1875 veterum
1432 1833 1624 1887 vestigia

139 1904 368 1963 reliquere
399 1905 665 1963 :Euripidis
703 1906 889 1947 minoris
923 1905 1114 1955 scilicet,
1151 1904 1417 1961 Herillique,
1455 1902 1622 1946 Melan-

138 1973 334 2034 thiiqu'e,
373 1975 764 2034 Dicaeogenisque
801 1979 843 2018 et
875 1975 991 2018 Bioti
1026 1975 1112 2033 (vel
1149 1975 1297 2032 potius
1331 1974 1482 2016 forsan
1518 1973 1620 2015 Dio-

137 2047 256 2103 nysii
281 2047 477 2105 tyranni)
506 2046 771 2091 Medearmn
786 2047 814 2088 ⁵.

200 2116 291 2161 Sed
311 2121 356 2160 et
375 2118 500 2160 aliud
523 2133 704 2176 quoque
723 2117 908 2161 Medeae
929 2117 1084 2158 fabula
1109 2117 1292 2171 tragicis
1319 2116 1464 2173 poetis
1490 2129 1619 2173 prae-

179 2309 207 2341 1.
233 2309 443 2351 Arqonaut„
465 2309 487 2339 1.
509 2308 561 2345 IV,
583 2318 614 2340 v.
635 2307 783 2338 350-409.

176 2356 207 2388 2.
233 2355 282 2388 Cf.
304 2355 402 2393 ibid„
423 2355 563 2387 350-390
589 2365 659 2386 cum
689 2355 771 2385 Aen.
806 2353 858 2391 IV,
889 2352 1038 2390 305-330,
1068 2351 1217 2389 371-387,
1245 2350 1390 2388 534543,
1423 2354 1455 2381 ut
1487 2353 1563 2391 quot
1586 2354 1616 2382 et

135 2406 255 2444 quanta
274 2404 460 2443 discrepent
479 2403 604 2434 videas.
627 2420 665 2425 —
685 2402 730 2432 De
751 2410 812 2441 quo
844 2400 1007 2440 Apollonii
1042 2400 1112 2429 loco
1144 2399 1218 2429 vide
1250 2398 1343 2436 infra,
1375 2398 1406 2428 in
1439 2400 1548 2428 nostra
1576 2397 1615 2428 de

133 2450 269 2482 Didone
287 2451 527 2488 dissertatione,
548 2460 629 2481 x-XI.

174 2498 206 2530 3.
228 2498 404 2537 WVELCKER,
427 2508 458 2538 p.
483 2498 544 2529 340
558 2497 715 2538 sqq.,62·o
735 2505 824 2536 sqq.;
841 2496 979 2532 Anam,
1002 2504 1032 2534 p.
1052 2493 1207 2532 327-3293
1228 2493 1388 2530 XVAGNER,
1414 2504 1443 2533 p.
1466 2492 1526 2523 765
1543 2502 1613 2532 sqq.

174 2545 205 2578 4.
231 2545 323 2584 Quod
340 2545 470 2586 quidem
491 2548 650 2577 testantur
671 2545 774 2584 pictae
792 2543 1012 2582 sculptaeque,
1034 2551 1114 2581 quae
1135 2544 1318 2581 supersunt,
1340 2540 1466 2571 Jasonis
1487 2543 1517 2570 et
1544 2539 1614 2570 Me-

94 2627 98 2632 „
133 2593 213 2625 deae
232 2594 401 2634 imagines.
423 2593 524 2624 Multo
544 2593 628 2623 enim
647 2593 754 2632 plures
775 2600 829 2621 eae
856 2594 942 2629 sunt,
964 2589 1017 2619 ubi
1041 2589 1152 2620 Medea
1183 2588 1325 2619 Peliadis
1347 2588 1428 2618 filias
1448 2588 1615 2627 decipiens

132 2641 183 2672 vel
199 2641 320 2672 liberos
342 2651 418 2672 suos
445 2641 612 2671 trucidans
636 2649 729 2679 quam
753 2648 808 2669 eae
837 2638 889 2668 ubi
914 2637 1041 2668 Jasonis
1072 2645 1178 2666 amore
1200 2635 1346 2675 perculsa
1367 2635 1539 2673 effingitur.
1565 2634 1611 2666 Cf.

133 2687 171 2721 Ο.
192 2689 334 2727 MI'J'LLER,
356 2687 498 2719 Manuel
519 2685 788 2727 d’Arche'oloffl'e,
813 2684 903 2716 trad.
924 2685 985 2725 fr„
1006 2687 1028 2714 t.
1046 2683 1083 2721 II,
1100 2692 1130 2722 p.
1155 2682 1213 2713 40⁴2
1228 2692 1321 2722 sqq.;
1344 2683 1483 2713 Canczfflz
1498 2685 1528 2712 et
1542 2681 1613 2712 Gri—

132 2745 254 2774 GNIAUT,
275 2738 299 2767 t.
316 2736 368 2775 IV,
385 2738 483 2777 part.
506 2736 543 2772 II,
565 2735 613 2775 pl.
637 2740 687 2764 n⁰S
707 2732 863 2770 eie-6503
886 2732 994 2769 Bmcu,
1016 2731 1161 2762 :inolent
1182 2731 1331 2769 Pacem-y.
1352 2740 1381 2769 p.
1399 2730 1468 2760 261.

173 2783 203 2815 5.
226 2784 312 2822 Quas
334 2787 437 2815 tamen
459 2784 583 2814 fabulas
604 2792 642 2812 ne
665 2782 783 2812 scimus
809 2780 937 2820 quidem
958 2788 1031 2809 num
1059 2778 1243 2817 tragoediae
1268 2778 1384 2807 fuerint
1414 2777 1473 2817 (Cf.
1504 2777 1612 2809 ΡΑΗΝ,

135 2831 233 2872 Traq.
253 2840 360 2874 yrecs,
386 2834 406 2863 t.
429 2831 482 2867 111,
505 2841 535 2871 p.
555 2828 724 2866 154-155.)
747 2827 898 2858 Medeam
921 2835 1047 2866 quoque
1069 2825 1225 2855 Dmomsss
1245 2825 1370 2864 quidam
1394 2825 1613 2864 composuisse

132 2878 260 2916 dicitur,
293 2879 349 2910 sed
379 2879 444 2915 ille,
475 2879 666 2918 quicumque
697 2876 764 2909 fuit.
794 2877 866 2914 post
895 2873 1067 2913 Vergilium
1096 2872 1216 2902 vixisse
1243 2872 1371 2902 videtur
1393 2871 1453 2911 (Cf.
1486 2870 1610 2902 CflnisT.

135 2925 268 2958 Griech.
294 2924 679 2967 Liberaturyeschiclzte,
702 2932 733 2963 p.
758 2922 817 2953 466
839 2925 870 2952 et
886 2920 970 2959 516).
